%YAML 1.1
%TAG !u! tag:unity3d.com,2011:
--- !u!1 &4468839226989276209
GameObject:
  m_ObjectHideFlags: 0
  m_CorrespondingSourceObject: {fileID: 0}
  m_PrefabInstance: {fileID: 0}
  m_PrefabAsset: {fileID: 0}
  serializedVersion: 6
  m_Component:
  - component: {fileID: 6144251830075861400}
  - component: {fileID: 4910440434161838175}
  m_Layer: 0
  m_Name: 12LongGround
  m_TagString: Ground
  m_Icon: {fileID: 0}
  m_NavMeshLayer: 0
  m_StaticEditorFlags: 0
  m_IsActive: 1
--- !u!4 &6144251830075861400
Transform:
  m_ObjectHideFlags: 0
  m_CorrespondingSourceObject: {fileID: 0}
  m_PrefabInstance: {fileID: 0}
  m_PrefabAsset: {fileID: 0}
  m_GameObject: {fileID: 4468839226989276209}
  m_LocalRotation: {x: -0, y: -0, z: -0, w: 1}
  m_LocalPosition: {x: -4, y: -5, z: 0}
  m_LocalScale: {x: 1, y: 1, z: 1}
  m_Children:
  - {fileID: 8782748164933215622}
  - {fileID: 8582561115337005146}
  m_Father: {fileID: 0}
  m_RootOrder: 0
  m_LocalEulerAnglesHint: {x: 0, y: 0, z: 0}
--- !u!61 &4910440434161838175
BoxCollider2D:
  m_ObjectHideFlags: 0
  m_CorrespondingSourceObject: {fileID: 0}
  m_PrefabInstance: {fileID: 0}
  m_PrefabAsset: {fileID: 0}
  m_GameObject: {fileID: 4468839226989276209}
  m_Enabled: 1
  m_Density: 1
  m_Material: {fileID: 6200000, guid: aea33ccd9aa78c64b95e072da3c7d615, type: 2}
  m_IsTrigger: 0
  m_UsedByEffector: 0
  m_UsedByComposite: 0
  m_Offset: {x: 0, y: 0}
  m_SpriteTilingProperty:
    border: {x: 0, y: 0, z: 0, w: 0}
    pivot: {x: 0, y: 0}
    oldSize: {x: 0, y: 0}
    newSize: {x: 0, y: 0}
    adaptiveTilingThreshold: 0
    drawMode: 0
    adaptiveTiling: 0
  m_AutoTiling: 0
  serializedVersion: 2
  m_Size: {x: 12, y: 1}
  m_EdgeRadius: 0
--- !u!1001 &8582561116037904802
PrefabInstance:
  m_ObjectHideFlags: 0
  serializedVersion: 2
  m_Modification:
    m_TransformParent: {fileID: 6144251830075861400}
    m_Modifications:
    - target: {fileID: 1079165373712571428, guid: 68b86a87ccd54674a873862f4a845025,
        type: 3}
      propertyPath: m_LocalPosition.x
      value: -3
      objectReference: {fileID: 0}
    - target: {fileID: 1079165373712571428, guid: 68b86a87ccd54674a873862f4a845025,
        type: 3}
      propertyPath: m_LocalPosition.y
      value: 0
      objectReference: {fileID: 0}
    - target: {fileID: 1079165373712571428, guid: 68b86a87ccd54674a873862f4a845025,
        type: 3}
      propertyPath: m_LocalPosition.z
      value: 0
      objectReference: {fileID: 0}
    - target: {fileID: 1079165373712571428, guid: 68b86a87ccd54674a873862f4a845025,
        type: 3}
      propertyPath: m_LocalRotation.x
      value: -0
      objectReference: {fileID: 0}
    - target: {fileID: 1079165373712571428, guid: 68b86a87ccd54674a873862f4a845025,
        type: 3}
      propertyPath: m_LocalRotation.y
      value: -0
      objectReference: {fileID: 0}
    - target: {fileID: 1079165373712571428, guid: 68b86a87ccd54674a873862f4a845025,
        type: 3}
      propertyPath: m_LocalRotation.z
      value: -0
      objectReference: {fileID: 0}
    - target: {fileID: 1079165373712571428, guid: 68b86a87ccd54674a873862f4a845025,
        type: 3}
      propertyPath: m_LocalRotation.w
      value: 1
      objectReference: {fileID: 0}
    - target: {fileID: 1079165373712571428, guid: 68b86a87ccd54674a873862f4a845025,
        type: 3}
      propertyPath: m_RootOrder
      value: 0
      objectReference: {fileID: 0}
    - target: {fileID: 1079165373712571428, guid: 68b86a87ccd54674a873862f4a845025,
        type: 3}
      propertyPath: m_LocalEulerAnglesHint.x
      value: 0
      objectReference: {fileID: 0}
    - target: {fileID: 1079165373712571428, guid: 68b86a87ccd54674a873862f4a845025,
        type: 3}
      propertyPath: m_LocalEulerAnglesHint.y
      value: 0
      objectReference: {fileID: 0}
    - target: {fileID: 1079165373712571428, guid: 68b86a87ccd54674a873862f4a845025,
        type: 3}
      propertyPath: m_LocalEulerAnglesHint.z
      value: 0
      objectReference: {fileID: 0}
    - target: {fileID: 1079165373712571431, guid: 68b86a87ccd54674a873862f4a845025,
        type: 3}
      propertyPath: m_Name
      value: 6LongGround
      objectReference: {fileID: 0}
    m_RemovedComponents:
    - {fileID: 8988636560908752605, guid: 68b86a87ccd54674a873862f4a845025, type: 3}
  m_SourcePrefab: {fileID: 100100000, guid: 68b86a87ccd54674a873862f4a845025, type: 3}
--- !u!4 &8782748164933215622 stripped
Transform:
  m_CorrespondingSourceObject: {fileID: 1079165373712571428, guid: 68b86a87ccd54674a873862f4a845025,
    type: 3}
  m_PrefabInstance: {fileID: 8582561116037904802}
  m_PrefabAsset: {fileID: 0}
--- !u!1001 &8782748164700767358
PrefabInstance:
  m_ObjectHideFlags: 0
  serializedVersion: 2
  m_Modification:
    m_TransformParent: {fileID: 6144251830075861400}
    m_Modifications:
    - target: {fileID: 1079165373712571428, guid: 68b86a87ccd54674a873862f4a845025,
        type: 3}
      propertyPath: m_RootOrder
      value: 1
      objectReference: {fileID: 0}
    - target: {fileID: 1079165373712571428, guid: 68b86a87ccd54674a873862f4a845025,
        type: 3}
      propertyPath: m_LocalPosition.x
      value: 3
      objectReference: {fileID: 0}
    - target: {fileID: 1079165373712571428, guid: 68b86a87ccd54674a873862f4a845025,
        type: 3}
      propertyPath: m_LocalPosition.y
      value: 0
      objectReference: {fileID: 0}
    - target: {fileID: 4323660647558400495, guid: 68b86a87ccd54674a873862f4a845025,
        type: 3}
      propertyPath: m_LocalPosition.x
      value: -1
      objectReference: {fileID: 0}
    - target: {fileID: 4323660647558400495, guid: 68b86a87ccd54674a873862f4a845025,
        type: 3}
      propertyPath: m_LocalPosition.y
      value: -5
      objectReference: {fileID: 0}
    - target: {fileID: 4323660647558400495, guid: 68b86a87ccd54674a873862f4a845025,
        type: 3}
      propertyPath: m_LocalPosition.z
      value: -5
      objectReference: {fileID: 0}
    - target: {fileID: 4323660647558400495, guid: 68b86a87ccd54674a873862f4a845025,
        type: 3}
      propertyPath: m_LocalRotation.x
      value: -0
      objectReference: {fileID: 0}
    - target: {fileID: 4323660647558400495, guid: 68b86a87ccd54674a873862f4a845025,
        type: 3}
      propertyPath: m_LocalRotation.y
      value: -0
      objectReference: {fileID: 0}
    - target: {fileID: 4323660647558400495, guid: 68b86a87ccd54674a873862f4a845025,
        type: 3}
      propertyPath: m_LocalRotation.z
      value: -0
      objectReference: {fileID: 0}
    - target: {fileID: 4323660647558400495, guid: 68b86a87ccd54674a873862f4a845025,
        type: 3}
      propertyPath: m_LocalRotation.w
      value: 1
      objectReference: {fileID: 0}
    - target: {fileID: 4323660647558400495, guid: 68b86a87ccd54674a873862f4a845025,
        type: 3}
      propertyPath: m_RootOrder
      value: 2
      objectReference: {fileID: 0}
    - target: {fileID: 4323660647558400495, guid: 68b86a87ccd54674a873862f4a845025,
        type: 3}
      propertyPath: m_LocalEulerAnglesHint.x
      value: 0
      objectReference: {fileID: 0}
    - target: {fileID: 4323660647558400495, guid: 68b86a87ccd54674a873862f4a845025,
        type: 3}
      propertyPath: m_LocalEulerAnglesHint.y
      value: 0
      objectReference: {fileID: 0}
    - target: {fileID: 4323660647558400495, guid: 68b86a87ccd54674a873862f4a845025,
        type: 3}
      propertyPath: m_LocalEulerAnglesHint.z
      value: 0
      objectReference: {fileID: 0}
    - target: {fileID: 4380847682750668749, guid: 68b86a87ccd54674a873862f4a845025,
        type: 3}
      propertyPath: m_Name
      value: 6UnitPlatform
      objectReference: {fileID: 0}
    m_RemovedComponents:
    - {fileID: 8988636560908752605, guid: 68b86a87ccd54674a873862f4a845025, type: 3}
  m_SourcePrefab: {fileID: 100100000, guid: 68b86a87ccd54674a873862f4a845025, type: 3}
--- !u!4 &8582561115337005146 stripped
Transform:
  m_CorrespondingSourceObject: {fileID: 1079165373712571428, guid: 68b86a87ccd54674a873862f4a845025,
    type: 3}
  m_PrefabInstance: {fileID: 8782748164700767358}
  m_PrefabAsset: {fileID: 0}
