%YAML 1.1
%TAG !u! tag:unity3d.com,2011:
--- !u!29 &1
OcclusionCullingSettings:
  m_ObjectHideFlags: 0
  serializedVersion: 2
  m_OcclusionBakeSettings:
    smallestOccluder: 5
    smallestHole: 0.25
    backfaceThreshold: 100
  m_SceneGUID: 00000000000000000000000000000000
  m_OcclusionCullingData: {fileID: 0}
--- !u!104 &2
RenderSettings:
  m_ObjectHideFlags: 0
  serializedVersion: 9
  m_Fog: 0
  m_FogColor: {r: 0.5, g: 0.5, b: 0.5, a: 1}
  m_FogMode: 3
  m_FogDensity: 0.01
  m_LinearFogStart: 0
  m_LinearFogEnd: 300
  m_AmbientSkyColor: {r: 0.212, g: 0.227, b: 0.259, a: 1}
  m_AmbientEquatorColor: {r: 0.114, g: 0.125, b: 0.133, a: 1}
  m_AmbientGroundColor: {r: 0.047, g: 0.043, b: 0.035, a: 1}
  m_AmbientIntensity: 1
  m_AmbientMode: 3
  m_SubtractiveShadowColor: {r: 0.42, g: 0.478, b: 0.627, a: 1}
  m_SkyboxMaterial: {fileID: 0}
  m_HaloStrength: 0.5
  m_FlareStrength: 1
  m_FlareFadeSpeed: 3
  m_HaloTexture: {fileID: 0}
  m_SpotCookie: {fileID: 10001, guid: 0000000000000000e000000000000000, type: 0}
  m_DefaultReflectionMode: 0
  m_DefaultReflectionResolution: 128
  m_ReflectionBounces: 1
  m_ReflectionIntensity: 1
  m_CustomReflection: {fileID: 0}
  m_Sun: {fileID: 0}
  m_IndirectSpecularColor: {r: 0, g: 0, b: 0, a: 1}
  m_UseRadianceAmbientProbe: 0
--- !u!157 &3
LightmapSettings:
  m_ObjectHideFlags: 0
  serializedVersion: 11
  m_GIWorkflowMode: 1
  m_GISettings:
    serializedVersion: 2
    m_BounceScale: 1
    m_IndirectOutputScale: 1
    m_AlbedoBoost: 1
    m_EnvironmentLightingMode: 0
    m_EnableBakedLightmaps: 0
    m_EnableRealtimeLightmaps: 0
  m_LightmapEditorSettings:
    serializedVersion: 12
    m_Resolution: 2
    m_BakeResolution: 40
    m_AtlasSize: 1024
    m_AO: 0
    m_AOMaxDistance: 1
    m_CompAOExponent: 1
    m_CompAOExponentDirect: 0
    m_ExtractAmbientOcclusion: 0
    m_Padding: 2
    m_LightmapParameters: {fileID: 0}
    m_LightmapsBakeMode: 1
    m_TextureCompression: 1
    m_FinalGather: 0
    m_FinalGatherFiltering: 1
    m_FinalGatherRayCount: 256
    m_ReflectionCompression: 2
    m_MixedBakeMode: 2
    m_BakeBackend: 1
    m_PVRSampling: 1
    m_PVRDirectSampleCount: 32
    m_PVRSampleCount: 512
    m_PVRBounces: 2
    m_PVREnvironmentSampleCount: 256
    m_PVREnvironmentReferencePointCount: 2048
    m_PVRFilteringMode: 1
    m_PVRDenoiserTypeDirect: 1
    m_PVRDenoiserTypeIndirect: 1
    m_PVRDenoiserTypeAO: 1
    m_PVRFilterTypeDirect: 0
    m_PVRFilterTypeIndirect: 0
    m_PVRFilterTypeAO: 0
    m_PVREnvironmentMIS: 1
    m_PVRCulling: 1
    m_PVRFilteringGaussRadiusDirect: 1
    m_PVRFilteringGaussRadiusIndirect: 5
    m_PVRFilteringGaussRadiusAO: 2
    m_PVRFilteringAtrousPositionSigmaDirect: 0.5
    m_PVRFilteringAtrousPositionSigmaIndirect: 2
    m_PVRFilteringAtrousPositionSigmaAO: 1
    m_ExportTrainingData: 0
    m_TrainingDataDestination: TrainingData
    m_LightProbeSampleCountMultiplier: 4
  m_LightingDataAsset: {fileID: 0}
  m_UseShadowmask: 1
--- !u!196 &4
NavMeshSettings:
  serializedVersion: 2
  m_ObjectHideFlags: 0
  m_BuildSettings:
    serializedVersion: 2
    agentTypeID: 0
    agentRadius: 0.5
    agentHeight: 2
    agentSlope: 45
    agentClimb: 0.4
    ledgeDropHeight: 0
    maxJumpAcrossDistance: 0
    minRegionArea: 2
    manualCellSize: 0
    cellSize: 0.16666667
    manualTileSize: 0
    tileSize: 256
    accuratePlacement: 0
    debug:
      m_Flags: 0
  m_NavMeshData: {fileID: 0}
--- !u!4 &27750961 stripped
Transform:
  m_CorrespondingSourceObject: {fileID: 8965985311982008316, guid: 277557d9103086844b041720fc8f1155,
    type: 3}
  m_PrefabInstance: {fileID: 83761063}
  m_PrefabAsset: {fileID: 0}
--- !u!1001 &53477791
PrefabInstance:
  m_ObjectHideFlags: 0
  serializedVersion: 2
  m_Modification:
    m_TransformParent: {fileID: 1396680992}
    m_Modifications:
    - target: {fileID: 2339183774187457315, guid: 277557d9103086844b041720fc8f1155,
        type: 3}
      propertyPath: m_Name
      value: 4x3Ground
      objectReference: {fileID: 0}
    - target: {fileID: 8965985311982008316, guid: 277557d9103086844b041720fc8f1155,
        type: 3}
      propertyPath: m_LocalPosition.x
      value: 17
      objectReference: {fileID: 0}
    - target: {fileID: 8965985311982008316, guid: 277557d9103086844b041720fc8f1155,
        type: 3}
      propertyPath: m_LocalPosition.y
      value: -6
      objectReference: {fileID: 0}
    - target: {fileID: 8965985311982008316, guid: 277557d9103086844b041720fc8f1155,
        type: 3}
      propertyPath: m_LocalPosition.z
      value: 0
      objectReference: {fileID: 0}
    - target: {fileID: 8965985311982008316, guid: 277557d9103086844b041720fc8f1155,
        type: 3}
      propertyPath: m_LocalRotation.x
      value: -0
      objectReference: {fileID: 0}
    - target: {fileID: 8965985311982008316, guid: 277557d9103086844b041720fc8f1155,
        type: 3}
      propertyPath: m_LocalRotation.y
      value: -0
      objectReference: {fileID: 0}
    - target: {fileID: 8965985311982008316, guid: 277557d9103086844b041720fc8f1155,
        type: 3}
      propertyPath: m_LocalRotation.z
      value: -0
      objectReference: {fileID: 0}
    - target: {fileID: 8965985311982008316, guid: 277557d9103086844b041720fc8f1155,
        type: 3}
      propertyPath: m_LocalRotation.w
      value: 1
      objectReference: {fileID: 0}
    - target: {fileID: 8965985311982008316, guid: 277557d9103086844b041720fc8f1155,
        type: 3}
      propertyPath: m_RootOrder
      value: 11
      objectReference: {fileID: 0}
    - target: {fileID: 8965985311982008316, guid: 277557d9103086844b041720fc8f1155,
        type: 3}
      propertyPath: m_LocalEulerAnglesHint.x
      value: 0
      objectReference: {fileID: 0}
    - target: {fileID: 8965985311982008316, guid: 277557d9103086844b041720fc8f1155,
        type: 3}
      propertyPath: m_LocalEulerAnglesHint.y
      value: 0
      objectReference: {fileID: 0}
    - target: {fileID: 8965985311982008316, guid: 277557d9103086844b041720fc8f1155,
        type: 3}
      propertyPath: m_LocalEulerAnglesHint.z
      value: 0
      objectReference: {fileID: 0}
    m_RemovedComponents: []
  m_SourcePrefab: {fileID: 100100000, guid: 277557d9103086844b041720fc8f1155, type: 3}
--- !u!1001 &83761063
PrefabInstance:
  m_ObjectHideFlags: 0
  serializedVersion: 2
  m_Modification:
    m_TransformParent: {fileID: 1396680992}
    m_Modifications:
    - target: {fileID: 2339183774187457315, guid: 277557d9103086844b041720fc8f1155,
        type: 3}
      propertyPath: m_Name
      value: 4x3Ground
      objectReference: {fileID: 0}
    - target: {fileID: 8965985311982008316, guid: 277557d9103086844b041720fc8f1155,
        type: 3}
      propertyPath: m_LocalPosition.x
      value: -12
      objectReference: {fileID: 0}
    - target: {fileID: 8965985311982008316, guid: 277557d9103086844b041720fc8f1155,
        type: 3}
      propertyPath: m_LocalPosition.y
      value: -7
      objectReference: {fileID: 0}
    - target: {fileID: 8965985311982008316, guid: 277557d9103086844b041720fc8f1155,
        type: 3}
      propertyPath: m_LocalPosition.z
      value: 0
      objectReference: {fileID: 0}
    - target: {fileID: 8965985311982008316, guid: 277557d9103086844b041720fc8f1155,
        type: 3}
      propertyPath: m_LocalRotation.x
      value: -0
      objectReference: {fileID: 0}
    - target: {fileID: 8965985311982008316, guid: 277557d9103086844b041720fc8f1155,
        type: 3}
      propertyPath: m_LocalRotation.y
      value: -0
      objectReference: {fileID: 0}
    - target: {fileID: 8965985311982008316, guid: 277557d9103086844b041720fc8f1155,
        type: 3}
      propertyPath: m_LocalRotation.z
      value: -0
      objectReference: {fileID: 0}
    - target: {fileID: 8965985311982008316, guid: 277557d9103086844b041720fc8f1155,
        type: 3}
      propertyPath: m_LocalRotation.w
      value: 1
      objectReference: {fileID: 0}
    - target: {fileID: 8965985311982008316, guid: 277557d9103086844b041720fc8f1155,
        type: 3}
      propertyPath: m_RootOrder
      value: 1
      objectReference: {fileID: 0}
    - target: {fileID: 8965985311982008316, guid: 277557d9103086844b041720fc8f1155,
        type: 3}
      propertyPath: m_LocalEulerAnglesHint.x
      value: 0
      objectReference: {fileID: 0}
    - target: {fileID: 8965985311982008316, guid: 277557d9103086844b041720fc8f1155,
        type: 3}
      propertyPath: m_LocalEulerAnglesHint.y
      value: 0
      objectReference: {fileID: 0}
    - target: {fileID: 8965985311982008316, guid: 277557d9103086844b041720fc8f1155,
        type: 3}
      propertyPath: m_LocalEulerAnglesHint.z
      value: 0
      objectReference: {fileID: 0}
    m_RemovedComponents: []
  m_SourcePrefab: {fileID: 100100000, guid: 277557d9103086844b041720fc8f1155, type: 3}
--- !u!4 &98738573 stripped
Transform:
  m_CorrespondingSourceObject: {fileID: 8965985311982008316, guid: 277557d9103086844b041720fc8f1155,
    type: 3}
  m_PrefabInstance: {fileID: 355903480}
  m_PrefabAsset: {fileID: 0}
--- !u!1001 &166063796
PrefabInstance:
  m_ObjectHideFlags: 0
  serializedVersion: 2
  m_Modification:
    m_TransformParent: {fileID: 812201374}
    m_Modifications:
    - target: {fileID: 4468839226989276209, guid: 0b3bb7d514f64b74698a189c8cb3d166,
        type: 3}
      propertyPath: m_Name
      value: 12LongGround
      objectReference: {fileID: 0}
    - target: {fileID: 6144251830075861400, guid: 0b3bb7d514f64b74698a189c8cb3d166,
        type: 3}
      propertyPath: m_LocalPosition.x
      value: 8
      objectReference: {fileID: 0}
    - target: {fileID: 6144251830075861400, guid: 0b3bb7d514f64b74698a189c8cb3d166,
        type: 3}
      propertyPath: m_LocalPosition.y
      value: -5
      objectReference: {fileID: 0}
    - target: {fileID: 6144251830075861400, guid: 0b3bb7d514f64b74698a189c8cb3d166,
        type: 3}
      propertyPath: m_LocalPosition.z
      value: 0
      objectReference: {fileID: 0}
    - target: {fileID: 6144251830075861400, guid: 0b3bb7d514f64b74698a189c8cb3d166,
        type: 3}
      propertyPath: m_LocalRotation.x
      value: -0
      objectReference: {fileID: 0}
    - target: {fileID: 6144251830075861400, guid: 0b3bb7d514f64b74698a189c8cb3d166,
        type: 3}
      propertyPath: m_LocalRotation.y
      value: -0
      objectReference: {fileID: 0}
    - target: {fileID: 6144251830075861400, guid: 0b3bb7d514f64b74698a189c8cb3d166,
        type: 3}
      propertyPath: m_LocalRotation.z
      value: -0
      objectReference: {fileID: 0}
    - target: {fileID: 6144251830075861400, guid: 0b3bb7d514f64b74698a189c8cb3d166,
        type: 3}
      propertyPath: m_LocalRotation.w
      value: 1
      objectReference: {fileID: 0}
    - target: {fileID: 6144251830075861400, guid: 0b3bb7d514f64b74698a189c8cb3d166,
        type: 3}
      propertyPath: m_RootOrder
      value: 2
      objectReference: {fileID: 0}
    - target: {fileID: 6144251830075861400, guid: 0b3bb7d514f64b74698a189c8cb3d166,
        type: 3}
      propertyPath: m_LocalEulerAnglesHint.x
      value: 0
      objectReference: {fileID: 0}
    - target: {fileID: 6144251830075861400, guid: 0b3bb7d514f64b74698a189c8cb3d166,
        type: 3}
      propertyPath: m_LocalEulerAnglesHint.y
      value: 0
      objectReference: {fileID: 0}
    - target: {fileID: 6144251830075861400, guid: 0b3bb7d514f64b74698a189c8cb3d166,
        type: 3}
      propertyPath: m_LocalEulerAnglesHint.z
      value: 0
      objectReference: {fileID: 0}
    m_RemovedComponents: []
  m_SourcePrefab: {fileID: 100100000, guid: 0b3bb7d514f64b74698a189c8cb3d166, type: 3}
--- !u!1 &201605352
GameObject:
  m_ObjectHideFlags: 0
  m_CorrespondingSourceObject: {fileID: 0}
  m_PrefabInstance: {fileID: 0}
  m_PrefabAsset: {fileID: 0}
  serializedVersion: 6
  m_Component:
  - component: {fileID: 201605353}
  m_Layer: 0
  m_Name: 2-Foreground
  m_TagString: Untagged
  m_Icon: {fileID: 0}
  m_NavMeshLayer: 0
  m_StaticEditorFlags: 0
  m_IsActive: 1
--- !u!4 &201605353
Transform:
  m_ObjectHideFlags: 0
  m_CorrespondingSourceObject: {fileID: 0}
  m_PrefabInstance: {fileID: 0}
  m_PrefabAsset: {fileID: 0}
  m_GameObject: {fileID: 201605352}
  m_LocalRotation: {x: -0, y: -0, z: -0, w: 1}
  m_LocalPosition: {x: 0, y: 0, z: 0}
  m_LocalScale: {x: 1, y: 1, z: 1}
  m_Children:
  - {fileID: 1735620932}
  - {fileID: 1366281973}
  - {fileID: 214481173}
  - {fileID: 2027477756}
  - {fileID: 733094122}
  m_Father: {fileID: 1453383874}
  m_RootOrder: 2
  m_LocalEulerAnglesHint: {x: 0, y: 0, z: 0}
--- !u!4 &208717641 stripped
Transform:
  m_CorrespondingSourceObject: {fileID: 8965985311982008316, guid: 277557d9103086844b041720fc8f1155,
    type: 3}
  m_PrefabInstance: {fileID: 53477791}
  m_PrefabAsset: {fileID: 0}
--- !u!4 &214481173 stripped
Transform:
  m_CorrespondingSourceObject: {fileID: 6431062539222738389, guid: 34b2fe822b6cb8b4a8635ad6219914e3,
    type: 3}
  m_PrefabInstance: {fileID: 1583353189}
  m_PrefabAsset: {fileID: 0}
--- !u!4 &232146734 stripped
Transform:
  m_CorrespondingSourceObject: {fileID: 8965985311982008316, guid: 277557d9103086844b041720fc8f1155,
    type: 3}
  m_PrefabInstance: {fileID: 1253974607}
  m_PrefabAsset: {fileID: 0}
--- !u!1001 &355903480
PrefabInstance:
  m_ObjectHideFlags: 0
  serializedVersion: 2
  m_Modification:
    m_TransformParent: {fileID: 1396680992}
    m_Modifications:
    - target: {fileID: 2339183774187457315, guid: 277557d9103086844b041720fc8f1155,
        type: 3}
      propertyPath: m_Name
      value: 4x3Ground
      objectReference: {fileID: 0}
    - target: {fileID: 8965985311982008316, guid: 277557d9103086844b041720fc8f1155,
        type: 3}
      propertyPath: m_LocalPosition.x
      value: -13
      objectReference: {fileID: 0}
    - target: {fileID: 8965985311982008316, guid: 277557d9103086844b041720fc8f1155,
        type: 3}
      propertyPath: m_LocalPosition.y
      value: -4
      objectReference: {fileID: 0}
    - target: {fileID: 8965985311982008316, guid: 277557d9103086844b041720fc8f1155,
        type: 3}
      propertyPath: m_LocalPosition.z
      value: 0
      objectReference: {fileID: 0}
    - target: {fileID: 8965985311982008316, guid: 277557d9103086844b041720fc8f1155,
        type: 3}
      propertyPath: m_LocalRotation.x
      value: -0
      objectReference: {fileID: 0}
    - target: {fileID: 8965985311982008316, guid: 277557d9103086844b041720fc8f1155,
        type: 3}
      propertyPath: m_LocalRotation.y
      value: -0
      objectReference: {fileID: 0}
    - target: {fileID: 8965985311982008316, guid: 277557d9103086844b041720fc8f1155,
        type: 3}
      propertyPath: m_LocalRotation.z
      value: -0
      objectReference: {fileID: 0}
    - target: {fileID: 8965985311982008316, guid: 277557d9103086844b041720fc8f1155,
        type: 3}
      propertyPath: m_LocalRotation.w
      value: 1
      objectReference: {fileID: 0}
    - target: {fileID: 8965985311982008316, guid: 277557d9103086844b041720fc8f1155,
        type: 3}
      propertyPath: m_RootOrder
      value: 3
      objectReference: {fileID: 0}
    - target: {fileID: 8965985311982008316, guid: 277557d9103086844b041720fc8f1155,
        type: 3}
      propertyPath: m_LocalEulerAnglesHint.x
      value: 0
      objectReference: {fileID: 0}
    - target: {fileID: 8965985311982008316, guid: 277557d9103086844b041720fc8f1155,
        type: 3}
      propertyPath: m_LocalEulerAnglesHint.y
      value: 0
      objectReference: {fileID: 0}
    - target: {fileID: 8965985311982008316, guid: 277557d9103086844b041720fc8f1155,
        type: 3}
      propertyPath: m_LocalEulerAnglesHint.z
      value: 0
      objectReference: {fileID: 0}
    m_RemovedComponents: []
  m_SourcePrefab: {fileID: 100100000, guid: 277557d9103086844b041720fc8f1155, type: 3}
--- !u!4 &358208819 stripped
Transform:
  m_CorrespondingSourceObject: {fileID: 6144251830075861400, guid: 0b3bb7d514f64b74698a189c8cb3d166,
    type: 3}
  m_PrefabInstance: {fileID: 8782748165484613440}
  m_PrefabAsset: {fileID: 0}
--- !u!4 &386270081 stripped
Transform:
  m_CorrespondingSourceObject: {fileID: 8835119553025456724, guid: d755b1939ea39064699b0e19b3625d9d,
    type: 3}
  m_PrefabInstance: {fileID: 8835119553344616917}
  m_PrefabAsset: {fileID: 0}
--- !u!4 &457629320 stripped
Transform:
  m_CorrespondingSourceObject: {fileID: 2385720552052219292, guid: 85c495397d0a0ee4189e5b01b3caf0c9,
    type: 3}
  m_PrefabInstance: {fileID: 2385720551897105172}
  m_PrefabAsset: {fileID: 0}
--- !u!1001 &525448111
PrefabInstance:
  m_ObjectHideFlags: 0
  serializedVersion: 2
  m_Modification:
    m_TransformParent: {fileID: 201605353}
    m_Modifications:
    - target: {fileID: 6431062539222738389, guid: 34b2fe822b6cb8b4a8635ad6219914e3,
        type: 3}
      propertyPath: m_LocalPosition.x
      value: -9.30945
      objectReference: {fileID: 0}
    - target: {fileID: 6431062539222738389, guid: 34b2fe822b6cb8b4a8635ad6219914e3,
        type: 3}
      propertyPath: m_LocalPosition.y
      value: -0.56003547
      objectReference: {fileID: 0}
    - target: {fileID: 6431062539222738389, guid: 34b2fe822b6cb8b4a8635ad6219914e3,
        type: 3}
      propertyPath: m_LocalPosition.z
      value: 0
      objectReference: {fileID: 0}
    - target: {fileID: 6431062539222738389, guid: 34b2fe822b6cb8b4a8635ad6219914e3,
        type: 3}
      propertyPath: m_LocalRotation.x
      value: -0
      objectReference: {fileID: 0}
    - target: {fileID: 6431062539222738389, guid: 34b2fe822b6cb8b4a8635ad6219914e3,
        type: 3}
      propertyPath: m_LocalRotation.y
      value: -0
      objectReference: {fileID: 0}
    - target: {fileID: 6431062539222738389, guid: 34b2fe822b6cb8b4a8635ad6219914e3,
        type: 3}
      propertyPath: m_LocalRotation.z
      value: -0
      objectReference: {fileID: 0}
    - target: {fileID: 6431062539222738389, guid: 34b2fe822b6cb8b4a8635ad6219914e3,
        type: 3}
      propertyPath: m_LocalRotation.w
      value: 1
      objectReference: {fileID: 0}
    - target: {fileID: 6431062539222738389, guid: 34b2fe822b6cb8b4a8635ad6219914e3,
        type: 3}
      propertyPath: m_RootOrder
      value: 3
      objectReference: {fileID: 0}
    - target: {fileID: 6431062539222738389, guid: 34b2fe822b6cb8b4a8635ad6219914e3,
        type: 3}
      propertyPath: m_LocalEulerAnglesHint.x
      value: 0
      objectReference: {fileID: 0}
    - target: {fileID: 6431062539222738389, guid: 34b2fe822b6cb8b4a8635ad6219914e3,
        type: 3}
      propertyPath: m_LocalEulerAnglesHint.y
      value: 0
      objectReference: {fileID: 0}
    - target: {fileID: 6431062539222738389, guid: 34b2fe822b6cb8b4a8635ad6219914e3,
        type: 3}
      propertyPath: m_LocalEulerAnglesHint.z
      value: 0
      objectReference: {fileID: 0}
    - target: {fileID: 6431062539409734170, guid: 34b2fe822b6cb8b4a8635ad6219914e3,
        type: 3}
      propertyPath: m_Name
      value: Zombie3
      objectReference: {fileID: 0}
    m_RemovedComponents: []
  m_SourcePrefab: {fileID: 100100000, guid: 34b2fe822b6cb8b4a8635ad6219914e3, type: 3}
--- !u!4 &587425380 stripped
Transform:
  m_CorrespondingSourceObject: {fileID: 8965985311982008316, guid: 277557d9103086844b041720fc8f1155,
    type: 3}
  m_PrefabInstance: {fileID: 1417750308}
  m_PrefabAsset: {fileID: 0}
--- !u!4 &616547485 stripped
Transform:
  m_CorrespondingSourceObject: {fileID: 3335014238057917044, guid: 7d9e372f870c5554a8933e99d636e5bc,
    type: 3}
  m_PrefabInstance: {fileID: 735583924}
  m_PrefabAsset: {fileID: 0}
--- !u!4 &733094122 stripped
Transform:
  m_CorrespondingSourceObject: {fileID: 6431062539222738389, guid: 34b2fe822b6cb8b4a8635ad6219914e3,
    type: 3}
  m_PrefabInstance: {fileID: 2110761018}
  m_PrefabAsset: {fileID: 0}
--- !u!1001 &735583924
PrefabInstance:
  m_ObjectHideFlags: 0
  serializedVersion: 2
  m_Modification:
    m_TransformParent: {fileID: 1396680992}
    m_Modifications:
    - target: {fileID: 3335014238057917044, guid: 7d9e372f870c5554a8933e99d636e5bc,
        type: 3}
      propertyPath: m_LocalPosition.x
      value: 8
      objectReference: {fileID: 0}
    - target: {fileID: 3335014238057917044, guid: 7d9e372f870c5554a8933e99d636e5bc,
        type: 3}
      propertyPath: m_LocalPosition.y
      value: -7
      objectReference: {fileID: 0}
    - target: {fileID: 3335014238057917044, guid: 7d9e372f870c5554a8933e99d636e5bc,
        type: 3}
      propertyPath: m_LocalPosition.z
      value: 0
      objectReference: {fileID: 0}
    - target: {fileID: 3335014238057917044, guid: 7d9e372f870c5554a8933e99d636e5bc,
        type: 3}
      propertyPath: m_LocalRotation.x
      value: -0
      objectReference: {fileID: 0}
    - target: {fileID: 3335014238057917044, guid: 7d9e372f870c5554a8933e99d636e5bc,
        type: 3}
      propertyPath: m_LocalRotation.y
      value: -0
      objectReference: {fileID: 0}
    - target: {fileID: 3335014238057917044, guid: 7d9e372f870c5554a8933e99d636e5bc,
        type: 3}
      propertyPath: m_LocalRotation.z
      value: -0
      objectReference: {fileID: 0}
    - target: {fileID: 3335014238057917044, guid: 7d9e372f870c5554a8933e99d636e5bc,
        type: 3}
      propertyPath: m_LocalRotation.w
      value: 1
      objectReference: {fileID: 0}
    - target: {fileID: 3335014238057917044, guid: 7d9e372f870c5554a8933e99d636e5bc,
        type: 3}
      propertyPath: m_RootOrder
      value: 0
      objectReference: {fileID: 0}
    - target: {fileID: 3335014238057917044, guid: 7d9e372f870c5554a8933e99d636e5bc,
        type: 3}
      propertyPath: m_LocalEulerAnglesHint.x
      value: 0
      objectReference: {fileID: 0}
    - target: {fileID: 3335014238057917044, guid: 7d9e372f870c5554a8933e99d636e5bc,
        type: 3}
      propertyPath: m_LocalEulerAnglesHint.y
      value: 0
      objectReference: {fileID: 0}
    - target: {fileID: 3335014238057917044, guid: 7d9e372f870c5554a8933e99d636e5bc,
        type: 3}
      propertyPath: m_LocalEulerAnglesHint.z
      value: 0
      objectReference: {fileID: 0}
    - target: {fileID: 3354450437446863707, guid: 7d9e372f870c5554a8933e99d636e5bc,
        type: 3}
      propertyPath: m_Name
      value: 12x3Ground
      objectReference: {fileID: 0}
    m_RemovedComponents: []
  m_SourcePrefab: {fileID: 100100000, guid: 7d9e372f870c5554a8933e99d636e5bc, type: 3}
--- !u!1 &812201373
GameObject:
  m_ObjectHideFlags: 0
  m_CorrespondingSourceObject: {fileID: 0}
  m_PrefabInstance: {fileID: 0}
  m_PrefabAsset: {fileID: 0}
  serializedVersion: 6
  m_Component:
  - component: {fileID: 812201374}
  m_Layer: 0
  m_Name: Path
  m_TagString: Untagged
  m_Icon: {fileID: 0}
  m_NavMeshLayer: 0
  m_StaticEditorFlags: 0
  m_IsActive: 1
--- !u!4 &812201374
Transform:
  m_ObjectHideFlags: 0
  m_CorrespondingSourceObject: {fileID: 0}
  m_PrefabInstance: {fileID: 0}
  m_PrefabAsset: {fileID: 0}
  m_GameObject: {fileID: 812201373}
  m_LocalRotation: {x: -0, y: -0, z: -0, w: 1}
  m_LocalPosition: {x: 0, y: 0, z: 0}
  m_LocalScale: {x: 1, y: 1, z: 1}
  m_Children:
  - {fileID: 457629320}
  - {fileID: 358208819}
  - {fileID: 1217563700}
  - {fileID: 2133552994}
  m_Father: {fileID: 1365690168}
  m_RootOrder: 0
  m_LocalEulerAnglesHint: {x: 0, y: 0, z: 0}
--- !u!1 &906996377
GameObject:
  m_ObjectHideFlags: 0
  m_CorrespondingSourceObject: {fileID: 0}
  m_PrefabInstance: {fileID: 0}
  m_PrefabAsset: {fileID: 0}
  serializedVersion: 6
  m_Component:
  - component: {fileID: 906996378}
  m_Layer: 0
  m_Name: 0-Background
  m_TagString: Untagged
  m_Icon: {fileID: 0}
  m_NavMeshLayer: 0
  m_StaticEditorFlags: 0
  m_IsActive: 1
--- !u!4 &906996378
Transform:
  m_ObjectHideFlags: 0
  m_CorrespondingSourceObject: {fileID: 0}
  m_PrefabInstance: {fileID: 0}
  m_PrefabAsset: {fileID: 0}
  m_GameObject: {fileID: 906996377}
  m_LocalRotation: {x: -0, y: -0, z: -0, w: 1}
  m_LocalPosition: {x: 0, y: 0, z: 10}
  m_LocalScale: {x: 1, y: 1, z: 1}
  m_Children:
  - {fileID: 386270081}
  m_Father: {fileID: 1453383874}
  m_RootOrder: 0
  m_LocalEulerAnglesHint: {x: 0, y: 0, z: 0}
--- !u!1001 &954756758
PrefabInstance:
  m_ObjectHideFlags: 0
  serializedVersion: 2
  m_Modification:
    m_TransformParent: {fileID: 1396680992}
    m_Modifications:
    - target: {fileID: 2339183774187457315, guid: 277557d9103086844b041720fc8f1155,
        type: 3}
      propertyPath: m_Name
      value: 4x3Ground
      objectReference: {fileID: 0}
    - target: {fileID: 8965985311982008316, guid: 277557d9103086844b041720fc8f1155,
        type: 3}
      propertyPath: m_LocalPosition.x
      value: 16
      objectReference: {fileID: 0}
    - target: {fileID: 8965985311982008316, guid: 277557d9103086844b041720fc8f1155,
        type: 3}
      propertyPath: m_LocalPosition.y
      value: -7
      objectReference: {fileID: 0}
    - target: {fileID: 8965985311982008316, guid: 277557d9103086844b041720fc8f1155,
        type: 3}
      propertyPath: m_LocalPosition.z
      value: 0
      objectReference: {fileID: 0}
    - target: {fileID: 8965985311982008316, guid: 277557d9103086844b041720fc8f1155,
        type: 3}
      propertyPath: m_LocalRotation.x
      value: -0
      objectReference: {fileID: 0}
    - target: {fileID: 8965985311982008316, guid: 277557d9103086844b041720fc8f1155,
        type: 3}
      propertyPath: m_LocalRotation.y
      value: -0
      objectReference: {fileID: 0}
    - target: {fileID: 8965985311982008316, guid: 277557d9103086844b041720fc8f1155,
        type: 3}
      propertyPath: m_LocalRotation.z
      value: -0
      objectReference: {fileID: 0}
    - target: {fileID: 8965985311982008316, guid: 277557d9103086844b041720fc8f1155,
        type: 3}
      propertyPath: m_LocalRotation.w
      value: 1
      objectReference: {fileID: 0}
    - target: {fileID: 8965985311982008316, guid: 277557d9103086844b041720fc8f1155,
        type: 3}
      propertyPath: m_RootOrder
      value: 7
      objectReference: {fileID: 0}
    - target: {fileID: 8965985311982008316, guid: 277557d9103086844b041720fc8f1155,
        type: 3}
      propertyPath: m_LocalEulerAnglesHint.x
      value: 0
      objectReference: {fileID: 0}
    - target: {fileID: 8965985311982008316, guid: 277557d9103086844b041720fc8f1155,
        type: 3}
      propertyPath: m_LocalEulerAnglesHint.y
      value: 0
      objectReference: {fileID: 0}
    - target: {fileID: 8965985311982008316, guid: 277557d9103086844b041720fc8f1155,
        type: 3}
      propertyPath: m_LocalEulerAnglesHint.z
      value: 0
      objectReference: {fileID: 0}
    m_RemovedComponents: []
  m_SourcePrefab: {fileID: 100100000, guid: 277557d9103086844b041720fc8f1155, type: 3}
--- !u!4 &955721324 stripped
Transform:
  m_CorrespondingSourceObject: {fileID: 8965985311982008316, guid: 277557d9103086844b041720fc8f1155,
    type: 3}
  m_PrefabInstance: {fileID: 1062295346}
  m_PrefabAsset: {fileID: 0}
--- !u!1001 &1018498375
PrefabInstance:
  m_ObjectHideFlags: 0
  serializedVersion: 2
  m_Modification:
    m_TransformParent: {fileID: 1396680992}
    m_Modifications:
    - target: {fileID: 2339183774187457315, guid: 277557d9103086844b041720fc8f1155,
        type: 3}
      propertyPath: m_Name
      value: 4x3Ground
      objectReference: {fileID: 0}
    - target: {fileID: 8965985311982008316, guid: 277557d9103086844b041720fc8f1155,
        type: 3}
      propertyPath: m_LocalPosition.x
      value: -16
      objectReference: {fileID: 0}
    - target: {fileID: 8965985311982008316, guid: 277557d9103086844b041720fc8f1155,
        type: 3}
      propertyPath: m_LocalPosition.y
      value: -6
      objectReference: {fileID: 0}
    - target: {fileID: 8965985311982008316, guid: 277557d9103086844b041720fc8f1155,
        type: 3}
      propertyPath: m_LocalPosition.z
      value: 0
      objectReference: {fileID: 0}
    - target: {fileID: 8965985311982008316, guid: 277557d9103086844b041720fc8f1155,
        type: 3}
      propertyPath: m_LocalRotation.x
      value: -0
      objectReference: {fileID: 0}
    - target: {fileID: 8965985311982008316, guid: 277557d9103086844b041720fc8f1155,
        type: 3}
      propertyPath: m_LocalRotation.y
      value: -0
      objectReference: {fileID: 0}
    - target: {fileID: 8965985311982008316, guid: 277557d9103086844b041720fc8f1155,
        type: 3}
      propertyPath: m_LocalRotation.z
      value: -0
      objectReference: {fileID: 0}
    - target: {fileID: 8965985311982008316, guid: 277557d9103086844b041720fc8f1155,
        type: 3}
      propertyPath: m_LocalRotation.w
      value: 1
      objectReference: {fileID: 0}
    - target: {fileID: 8965985311982008316, guid: 277557d9103086844b041720fc8f1155,
        type: 3}
      propertyPath: m_RootOrder
      value: 6
      objectReference: {fileID: 0}
    - target: {fileID: 8965985311982008316, guid: 277557d9103086844b041720fc8f1155,
        type: 3}
      propertyPath: m_LocalEulerAnglesHint.x
      value: 0
      objectReference: {fileID: 0}
    - target: {fileID: 8965985311982008316, guid: 277557d9103086844b041720fc8f1155,
        type: 3}
      propertyPath: m_LocalEulerAnglesHint.y
      value: 0
      objectReference: {fileID: 0}
    - target: {fileID: 8965985311982008316, guid: 277557d9103086844b041720fc8f1155,
        type: 3}
      propertyPath: m_LocalEulerAnglesHint.z
      value: 0
      objectReference: {fileID: 0}
    m_RemovedComponents: []
  m_SourcePrefab: {fileID: 100100000, guid: 277557d9103086844b041720fc8f1155, type: 3}
--- !u!1001 &1062295346
PrefabInstance:
  m_ObjectHideFlags: 0
  serializedVersion: 2
  m_Modification:
    m_TransformParent: {fileID: 1396680992}
    m_Modifications:
    - target: {fileID: 2339183774187457315, guid: 277557d9103086844b041720fc8f1155,
        type: 3}
      propertyPath: m_Name
      value: 4x3Ground
      objectReference: {fileID: 0}
    - target: {fileID: 8965985311982008316, guid: 277557d9103086844b041720fc8f1155,
        type: 3}
      propertyPath: m_LocalPosition.x
      value: -13
      objectReference: {fileID: 0}
    - target: {fileID: 8965985311982008316, guid: 277557d9103086844b041720fc8f1155,
        type: 3}
      propertyPath: m_LocalPosition.y
      value: -2.96
      objectReference: {fileID: 0}
    - target: {fileID: 8965985311982008316, guid: 277557d9103086844b041720fc8f1155,
        type: 3}
      propertyPath: m_LocalPosition.z
      value: 0
      objectReference: {fileID: 0}
    - target: {fileID: 8965985311982008316, guid: 277557d9103086844b041720fc8f1155,
        type: 3}
      propertyPath: m_LocalRotation.x
      value: -0
      objectReference: {fileID: 0}
    - target: {fileID: 8965985311982008316, guid: 277557d9103086844b041720fc8f1155,
        type: 3}
      propertyPath: m_LocalRotation.y
      value: -0
      objectReference: {fileID: 0}
    - target: {fileID: 8965985311982008316, guid: 277557d9103086844b041720fc8f1155,
        type: 3}
      propertyPath: m_LocalRotation.z
      value: -0
      objectReference: {fileID: 0}
    - target: {fileID: 8965985311982008316, guid: 277557d9103086844b041720fc8f1155,
        type: 3}
      propertyPath: m_LocalRotation.w
      value: 1
      objectReference: {fileID: 0}
    - target: {fileID: 8965985311982008316, guid: 277557d9103086844b041720fc8f1155,
        type: 3}
      propertyPath: m_RootOrder
      value: 4
      objectReference: {fileID: 0}
    - target: {fileID: 8965985311982008316, guid: 277557d9103086844b041720fc8f1155,
        type: 3}
      propertyPath: m_LocalEulerAnglesHint.x
      value: 0
      objectReference: {fileID: 0}
    - target: {fileID: 8965985311982008316, guid: 277557d9103086844b041720fc8f1155,
        type: 3}
      propertyPath: m_LocalEulerAnglesHint.y
      value: 0
      objectReference: {fileID: 0}
    - target: {fileID: 8965985311982008316, guid: 277557d9103086844b041720fc8f1155,
        type: 3}
      propertyPath: m_LocalEulerAnglesHint.z
      value: 0
      objectReference: {fileID: 0}
    m_RemovedComponents: []
  m_SourcePrefab: {fileID: 100100000, guid: 277557d9103086844b041720fc8f1155, type: 3}
--- !u!1001 &1165727619
PrefabInstance:
  m_ObjectHideFlags: 0
  serializedVersion: 2
  m_Modification:
    m_TransformParent: {fileID: 1396680992}
    m_Modifications:
    - target: {fileID: 2339183774187457315, guid: 277557d9103086844b041720fc8f1155,
        type: 3}
      propertyPath: m_Name
      value: 4x3Ground
      objectReference: {fileID: 0}
    - target: {fileID: 8965985311982008316, guid: 277557d9103086844b041720fc8f1155,
        type: 3}
      propertyPath: m_LocalPosition.x
      value: 21
      objectReference: {fileID: 0}
    - target: {fileID: 8965985311982008316, guid: 277557d9103086844b041720fc8f1155,
        type: 3}
      propertyPath: m_LocalPosition.y
      value: -4
      objectReference: {fileID: 0}
    - target: {fileID: 8965985311982008316, guid: 277557d9103086844b041720fc8f1155,
        type: 3}
      propertyPath: m_LocalPosition.z
      value: 0
      objectReference: {fileID: 0}
    - target: {fileID: 8965985311982008316, guid: 277557d9103086844b041720fc8f1155,
        type: 3}
      propertyPath: m_LocalRotation.x
      value: -0
      objectReference: {fileID: 0}
    - target: {fileID: 8965985311982008316, guid: 277557d9103086844b041720fc8f1155,
        type: 3}
      propertyPath: m_LocalRotation.y
      value: -0
      objectReference: {fileID: 0}
    - target: {fileID: 8965985311982008316, guid: 277557d9103086844b041720fc8f1155,
        type: 3}
      propertyPath: m_LocalRotation.z
      value: -0
      objectReference: {fileID: 0}
    - target: {fileID: 8965985311982008316, guid: 277557d9103086844b041720fc8f1155,
        type: 3}
      propertyPath: m_LocalRotation.w
      value: 1
      objectReference: {fileID: 0}
    - target: {fileID: 8965985311982008316, guid: 277557d9103086844b041720fc8f1155,
        type: 3}
      propertyPath: m_RootOrder
      value: 8
      objectReference: {fileID: 0}
    - target: {fileID: 8965985311982008316, guid: 277557d9103086844b041720fc8f1155,
        type: 3}
      propertyPath: m_LocalEulerAnglesHint.x
      value: 0
      objectReference: {fileID: 0}
    - target: {fileID: 8965985311982008316, guid: 277557d9103086844b041720fc8f1155,
        type: 3}
      propertyPath: m_LocalEulerAnglesHint.y
      value: 0
      objectReference: {fileID: 0}
    - target: {fileID: 8965985311982008316, guid: 277557d9103086844b041720fc8f1155,
        type: 3}
      propertyPath: m_LocalEulerAnglesHint.z
      value: 0
      objectReference: {fileID: 0}
    m_RemovedComponents: []
  m_SourcePrefab: {fileID: 100100000, guid: 277557d9103086844b041720fc8f1155, type: 3}
--- !u!4 &1217563700 stripped
Transform:
  m_CorrespondingSourceObject: {fileID: 6144251830075861400, guid: 0b3bb7d514f64b74698a189c8cb3d166,
    type: 3}
  m_PrefabInstance: {fileID: 166063796}
  m_PrefabAsset: {fileID: 0}
--- !u!1001 &1253974607
PrefabInstance:
  m_ObjectHideFlags: 0
  serializedVersion: 2
  m_Modification:
    m_TransformParent: {fileID: 1396680992}
    m_Modifications:
    - target: {fileID: 2339183774187457315, guid: 277557d9103086844b041720fc8f1155,
        type: 3}
      propertyPath: m_Name
      value: 4x3Ground
      objectReference: {fileID: 0}
    - target: {fileID: 8965985311982008316, guid: 277557d9103086844b041720fc8f1155,
        type: 3}
      propertyPath: m_LocalPosition.x
      value: 17
      objectReference: {fileID: 0}
    - target: {fileID: 8965985311982008316, guid: 277557d9103086844b041720fc8f1155,
        type: 3}
      propertyPath: m_LocalPosition.y
      value: -3
      objectReference: {fileID: 0}
    - target: {fileID: 8965985311982008316, guid: 277557d9103086844b041720fc8f1155,
        type: 3}
      propertyPath: m_LocalPosition.z
      value: 0
      objectReference: {fileID: 0}
    - target: {fileID: 8965985311982008316, guid: 277557d9103086844b041720fc8f1155,
        type: 3}
      propertyPath: m_LocalRotation.x
      value: -0
      objectReference: {fileID: 0}
    - target: {fileID: 8965985311982008316, guid: 277557d9103086844b041720fc8f1155,
        type: 3}
      propertyPath: m_LocalRotation.y
      value: -0
      objectReference: {fileID: 0}
    - target: {fileID: 8965985311982008316, guid: 277557d9103086844b041720fc8f1155,
        type: 3}
      propertyPath: m_LocalRotation.z
      value: -0
      objectReference: {fileID: 0}
    - target: {fileID: 8965985311982008316, guid: 277557d9103086844b041720fc8f1155,
        type: 3}
      propertyPath: m_LocalRotation.w
      value: 1
      objectReference: {fileID: 0}
    - target: {fileID: 8965985311982008316, guid: 277557d9103086844b041720fc8f1155,
        type: 3}
      propertyPath: m_RootOrder
      value: 10
      objectReference: {fileID: 0}
    - target: {fileID: 8965985311982008316, guid: 277557d9103086844b041720fc8f1155,
        type: 3}
      propertyPath: m_LocalEulerAnglesHint.x
      value: 0
      objectReference: {fileID: 0}
    - target: {fileID: 8965985311982008316, guid: 277557d9103086844b041720fc8f1155,
        type: 3}
      propertyPath: m_LocalEulerAnglesHint.y
      value: 0
      objectReference: {fileID: 0}
    - target: {fileID: 8965985311982008316, guid: 277557d9103086844b041720fc8f1155,
        type: 3}
      propertyPath: m_LocalEulerAnglesHint.z
      value: 0
      objectReference: {fileID: 0}
    m_RemovedComponents: []
  m_SourcePrefab: {fileID: 100100000, guid: 277557d9103086844b041720fc8f1155, type: 3}
--- !u!1 &1365690167
GameObject:
  m_ObjectHideFlags: 0
  m_CorrespondingSourceObject: {fileID: 0}
  m_PrefabInstance: {fileID: 0}
  m_PrefabAsset: {fileID: 0}
  serializedVersion: 6
  m_Component:
  - component: {fileID: 1365690168}
  m_Layer: 0
  m_Name: 1-Middleground
  m_TagString: Untagged
  m_Icon: {fileID: 0}
  m_NavMeshLayer: 0
  m_StaticEditorFlags: 0
  m_IsActive: 1
--- !u!4 &1365690168
Transform:
  m_ObjectHideFlags: 0
  m_CorrespondingSourceObject: {fileID: 0}
  m_PrefabInstance: {fileID: 0}
  m_PrefabAsset: {fileID: 0}
  m_GameObject: {fileID: 1365690167}
  m_LocalRotation: {x: -0, y: -0, z: -0, w: 1}
  m_LocalPosition: {x: 0, y: 0, z: 5}
  m_LocalScale: {x: 1, y: 1, z: 1}
  m_Children:
  - {fileID: 812201374}
  - {fileID: 1396680992}
  m_Father: {fileID: 1453383874}
  m_RootOrder: 1
  m_LocalEulerAnglesHint: {x: 0, y: 0, z: 0}
--- !u!4 &1366281973 stripped
Transform:
  m_CorrespondingSourceObject: {fileID: 6431062539222738389, guid: 34b2fe822b6cb8b4a8635ad6219914e3,
    type: 3}
  m_PrefabInstance: {fileID: 1892095142}
  m_PrefabAsset: {fileID: 0}
--- !u!1 &1396680991
GameObject:
  m_ObjectHideFlags: 0
  m_CorrespondingSourceObject: {fileID: 0}
  m_PrefabInstance: {fileID: 0}
  m_PrefabAsset: {fileID: 0}
  serializedVersion: 6
  m_Component:
  - component: {fileID: 1396680992}
  m_Layer: 0
  m_Name: Ground
  m_TagString: Untagged
  m_Icon: {fileID: 0}
  m_NavMeshLayer: 0
  m_StaticEditorFlags: 0
  m_IsActive: 1
--- !u!4 &1396680992
Transform:
  m_ObjectHideFlags: 0
  m_CorrespondingSourceObject: {fileID: 0}
  m_PrefabInstance: {fileID: 0}
  m_PrefabAsset: {fileID: 0}
  m_GameObject: {fileID: 1396680991}
  m_LocalRotation: {x: 0, y: 0, z: 0, w: 1}
  m_LocalPosition: {x: 0, y: 0, z: 0}
  m_LocalScale: {x: 1, y: 1, z: 1}
  m_Children:
  - {fileID: 616547485}
  - {fileID: 27750961}
  - {fileID: 1931849613}
  - {fileID: 98738573}
  - {fileID: 955721324}
  - {fileID: 587425380}
  - {fileID: 1658728168}
  - {fileID: 1627073249}
  - {fileID: 1815869546}
  - {fileID: 2102461973}
  - {fileID: 232146734}
  - {fileID: 208717641}
  m_Father: {fileID: 1365690168}
  m_RootOrder: 1
  m_LocalEulerAnglesHint: {x: 0, y: 0, z: 0}
--- !u!1001 &1417750308
PrefabInstance:
  m_ObjectHideFlags: 0
  serializedVersion: 2
  m_Modification:
    m_TransformParent: {fileID: 1396680992}
    m_Modifications:
    - target: {fileID: 2339183774187457315, guid: 277557d9103086844b041720fc8f1155,
        type: 3}
      propertyPath: m_Name
      value: 4x3Ground
      objectReference: {fileID: 0}
    - target: {fileID: 8965985311982008316, guid: 277557d9103086844b041720fc8f1155,
        type: 3}
      propertyPath: m_LocalPosition.x
      value: -17
      objectReference: {fileID: 0}
    - target: {fileID: 8965985311982008316, guid: 277557d9103086844b041720fc8f1155,
        type: 3}
      propertyPath: m_LocalPosition.y
      value: -3
      objectReference: {fileID: 0}
    - target: {fileID: 8965985311982008316, guid: 277557d9103086844b041720fc8f1155,
        type: 3}
      propertyPath: m_LocalPosition.z
      value: 0
      objectReference: {fileID: 0}
    - target: {fileID: 8965985311982008316, guid: 277557d9103086844b041720fc8f1155,
        type: 3}
      propertyPath: m_LocalRotation.x
      value: -0
      objectReference: {fileID: 0}
    - target: {fileID: 8965985311982008316, guid: 277557d9103086844b041720fc8f1155,
        type: 3}
      propertyPath: m_LocalRotation.y
      value: -0
      objectReference: {fileID: 0}
    - target: {fileID: 8965985311982008316, guid: 277557d9103086844b041720fc8f1155,
        type: 3}
      propertyPath: m_LocalRotation.z
      value: -0
      objectReference: {fileID: 0}
    - target: {fileID: 8965985311982008316, guid: 277557d9103086844b041720fc8f1155,
        type: 3}
      propertyPath: m_LocalRotation.w
      value: 1
      objectReference: {fileID: 0}
    - target: {fileID: 8965985311982008316, guid: 277557d9103086844b041720fc8f1155,
        type: 3}
      propertyPath: m_RootOrder
      value: 5
      objectReference: {fileID: 0}
    - target: {fileID: 8965985311982008316, guid: 277557d9103086844b041720fc8f1155,
        type: 3}
      propertyPath: m_LocalEulerAnglesHint.x
      value: 0
      objectReference: {fileID: 0}
    - target: {fileID: 8965985311982008316, guid: 277557d9103086844b041720fc8f1155,
        type: 3}
      propertyPath: m_LocalEulerAnglesHint.y
      value: 0
      objectReference: {fileID: 0}
    - target: {fileID: 8965985311982008316, guid: 277557d9103086844b041720fc8f1155,
        type: 3}
      propertyPath: m_LocalEulerAnglesHint.z
      value: 0
      objectReference: {fileID: 0}
    m_RemovedComponents: []
  m_SourcePrefab: {fileID: 100100000, guid: 277557d9103086844b041720fc8f1155, type: 3}
--- !u!1 &1453383873
GameObject:
  m_ObjectHideFlags: 0
  m_CorrespondingSourceObject: {fileID: 0}
  m_PrefabInstance: {fileID: 0}
  m_PrefabAsset: {fileID: 0}
  serializedVersion: 6
  m_Component:
  - component: {fileID: 1453383874}
  m_Layer: 0
  m_Name: Level
  m_TagString: Untagged
  m_Icon: {fileID: 0}
  m_NavMeshLayer: 0
  m_StaticEditorFlags: 0
  m_IsActive: 1
--- !u!4 &1453383874
Transform:
  m_ObjectHideFlags: 0
  m_CorrespondingSourceObject: {fileID: 0}
  m_PrefabInstance: {fileID: 0}
  m_PrefabAsset: {fileID: 0}
  m_GameObject: {fileID: 1453383873}
  m_LocalRotation: {x: 0, y: 0, z: 0, w: 1}
  m_LocalPosition: {x: 0, y: 0, z: 0}
  m_LocalScale: {x: 1, y: 1, z: 1}
  m_Children:
  - {fileID: 906996378}
  - {fileID: 1365690168}
  - {fileID: 201605353}
  m_Father: {fileID: 0}
  m_RootOrder: 1
  m_LocalEulerAnglesHint: {x: 0, y: 0, z: 0}
--- !u!1001 &1583353189
PrefabInstance:
  m_ObjectHideFlags: 0
  serializedVersion: 2
  m_Modification:
    m_TransformParent: {fileID: 201605353}
    m_Modifications:
    - target: {fileID: 6431062539222738389, guid: 34b2fe822b6cb8b4a8635ad6219914e3,
        type: 3}
      propertyPath: m_LocalPosition.x
      value: 7.653958
      objectReference: {fileID: 0}
    - target: {fileID: 6431062539222738389, guid: 34b2fe822b6cb8b4a8635ad6219914e3,
        type: 3}
      propertyPath: m_LocalPosition.y
      value: -3.6339846
      objectReference: {fileID: 0}
    - target: {fileID: 6431062539222738389, guid: 34b2fe822b6cb8b4a8635ad6219914e3,
        type: 3}
      propertyPath: m_LocalPosition.z
      value: 0
      objectReference: {fileID: 0}
    - target: {fileID: 6431062539222738389, guid: 34b2fe822b6cb8b4a8635ad6219914e3,
        type: 3}
      propertyPath: m_LocalRotation.x
      value: -0
      objectReference: {fileID: 0}
    - target: {fileID: 6431062539222738389, guid: 34b2fe822b6cb8b4a8635ad6219914e3,
        type: 3}
      propertyPath: m_LocalRotation.y
      value: -0
      objectReference: {fileID: 0}
    - target: {fileID: 6431062539222738389, guid: 34b2fe822b6cb8b4a8635ad6219914e3,
        type: 3}
      propertyPath: m_LocalRotation.z
      value: -0
      objectReference: {fileID: 0}
    - target: {fileID: 6431062539222738389, guid: 34b2fe822b6cb8b4a8635ad6219914e3,
        type: 3}
      propertyPath: m_LocalRotation.w
      value: 1
      objectReference: {fileID: 0}
    - target: {fileID: 6431062539222738389, guid: 34b2fe822b6cb8b4a8635ad6219914e3,
        type: 3}
      propertyPath: m_RootOrder
      value: 2
      objectReference: {fileID: 0}
    - target: {fileID: 6431062539222738389, guid: 34b2fe822b6cb8b4a8635ad6219914e3,
        type: 3}
      propertyPath: m_LocalEulerAnglesHint.x
      value: 0
      objectReference: {fileID: 0}
    - target: {fileID: 6431062539222738389, guid: 34b2fe822b6cb8b4a8635ad6219914e3,
        type: 3}
      propertyPath: m_LocalEulerAnglesHint.y
      value: 0
      objectReference: {fileID: 0}
    - target: {fileID: 6431062539222738389, guid: 34b2fe822b6cb8b4a8635ad6219914e3,
        type: 3}
      propertyPath: m_LocalEulerAnglesHint.z
      value: 0
      objectReference: {fileID: 0}
    - target: {fileID: 6431062539409734165, guid: 34b2fe822b6cb8b4a8635ad6219914e3,
        type: 3}
      propertyPath: m_Offset.y
      value: 1.9
      objectReference: {fileID: 0}
    - target: {fileID: 6431062539409734165, guid: 34b2fe822b6cb8b4a8635ad6219914e3,
        type: 3}
      propertyPath: m_SpriteTilingProperty.pivot.y
      value: 0
      objectReference: {fileID: 0}
    - target: {fileID: 6431062539409734165, guid: 34b2fe822b6cb8b4a8635ad6219914e3,
        type: 3}
      propertyPath: m_SpriteTilingProperty.oldSize.x
      value: 2.32
      objectReference: {fileID: 0}
    - target: {fileID: 6431062539409734165, guid: 34b2fe822b6cb8b4a8635ad6219914e3,
        type: 3}
      propertyPath: m_SpriteTilingProperty.oldSize.y
      value: 3.72
      objectReference: {fileID: 0}
    - target: {fileID: 6431062539409734165, guid: 34b2fe822b6cb8b4a8635ad6219914e3,
        type: 3}
      propertyPath: m_SpriteTilingProperty.newSize.x
      value: 2.22
      objectReference: {fileID: 0}
    - target: {fileID: 6431062539409734165, guid: 34b2fe822b6cb8b4a8635ad6219914e3,
        type: 3}
      propertyPath: m_SpriteTilingProperty.newSize.y
      value: 3.72
      objectReference: {fileID: 0}
    - target: {fileID: 6431062539409734167, guid: 34b2fe822b6cb8b4a8635ad6219914e3,
        type: 3}
      propertyPath: m_Size.x
      value: 2.22
      objectReference: {fileID: 0}
    - target: {fileID: 6431062539409734167, guid: 34b2fe822b6cb8b4a8635ad6219914e3,
        type: 3}
      propertyPath: m_Size.y
      value: 3.72
      objectReference: {fileID: 0}
    - target: {fileID: 6431062539409734167, guid: 34b2fe822b6cb8b4a8635ad6219914e3,
        type: 3}
      propertyPath: m_WasSpriteAssigned
      value: 0
      objectReference: {fileID: 0}
    - target: {fileID: 6431062539409734170, guid: 34b2fe822b6cb8b4a8635ad6219914e3,
        type: 3}
      propertyPath: m_Name
      value: Zombie2
      objectReference: {fileID: 0}
    m_RemovedComponents: []
  m_SourcePrefab: {fileID: 100100000, guid: 34b2fe822b6cb8b4a8635ad6219914e3, type: 3}
--- !u!4 &1627073249 stripped
Transform:
  m_CorrespondingSourceObject: {fileID: 8965985311982008316, guid: 277557d9103086844b041720fc8f1155,
    type: 3}
  m_PrefabInstance: {fileID: 954756758}
  m_PrefabAsset: {fileID: 0}
--- !u!4 &1658728168 stripped
Transform:
  m_CorrespondingSourceObject: {fileID: 8965985311982008316, guid: 277557d9103086844b041720fc8f1155,
    type: 3}
  m_PrefabInstance: {fileID: 1018498375}
  m_PrefabAsset: {fileID: 0}
--- !u!4 &1735620932 stripped
Transform:
  m_CorrespondingSourceObject: {fileID: 8422529405813678953, guid: b125f8c7bee51f54ca997cf2d8c828c3,
    type: 3}
  m_PrefabInstance: {fileID: 8422529406231976493}
  m_PrefabAsset: {fileID: 0}
--- !u!4 &1815869546 stripped
Transform:
  m_CorrespondingSourceObject: {fileID: 8965985311982008316, guid: 277557d9103086844b041720fc8f1155,
    type: 3}
  m_PrefabInstance: {fileID: 1165727619}
  m_PrefabAsset: {fileID: 0}
--- !u!1001 &1892095142
PrefabInstance:
  m_ObjectHideFlags: 0
  serializedVersion: 2
  m_Modification:
    m_TransformParent: {fileID: 201605353}
    m_Modifications:
    - target: {fileID: 6431062539222738389, guid: 34b2fe822b6cb8b4a8635ad6219914e3,
        type: 3}
      propertyPath: m_LocalPosition.x
      value: 9.404512
      objectReference: {fileID: 0}
    - target: {fileID: 6431062539222738389, guid: 34b2fe822b6cb8b4a8635ad6219914e3,
        type: 3}
      propertyPath: m_LocalPosition.y
      value: -3.457458
      objectReference: {fileID: 0}
    - target: {fileID: 6431062539222738389, guid: 34b2fe822b6cb8b4a8635ad6219914e3,
        type: 3}
      propertyPath: m_LocalPosition.z
      value: 0
      objectReference: {fileID: 0}
    - target: {fileID: 6431062539222738389, guid: 34b2fe822b6cb8b4a8635ad6219914e3,
        type: 3}
      propertyPath: m_LocalRotation.x
      value: -0
      objectReference: {fileID: 0}
    - target: {fileID: 6431062539222738389, guid: 34b2fe822b6cb8b4a8635ad6219914e3,
        type: 3}
      propertyPath: m_LocalRotation.y
      value: -0
      objectReference: {fileID: 0}
    - target: {fileID: 6431062539222738389, guid: 34b2fe822b6cb8b4a8635ad6219914e3,
        type: 3}
      propertyPath: m_LocalRotation.z
      value: -0
      objectReference: {fileID: 0}
    - target: {fileID: 6431062539222738389, guid: 34b2fe822b6cb8b4a8635ad6219914e3,
        type: 3}
      propertyPath: m_LocalRotation.w
      value: 1
      objectReference: {fileID: 0}
    - target: {fileID: 6431062539222738389, guid: 34b2fe822b6cb8b4a8635ad6219914e3,
        type: 3}
      propertyPath: m_RootOrder
      value: 1
      objectReference: {fileID: 0}
    - target: {fileID: 6431062539222738389, guid: 34b2fe822b6cb8b4a8635ad6219914e3,
        type: 3}
      propertyPath: m_LocalEulerAnglesHint.x
      value: 0
      objectReference: {fileID: 0}
    - target: {fileID: 6431062539222738389, guid: 34b2fe822b6cb8b4a8635ad6219914e3,
        type: 3}
      propertyPath: m_LocalEulerAnglesHint.y
      value: 0
      objectReference: {fileID: 0}
    - target: {fileID: 6431062539222738389, guid: 34b2fe822b6cb8b4a8635ad6219914e3,
        type: 3}
      propertyPath: m_LocalEulerAnglesHint.z
      value: 0
      objectReference: {fileID: 0}
    - target: {fileID: 6431062539409734167, guid: 34b2fe822b6cb8b4a8635ad6219914e3,
        type: 3}
      propertyPath: m_Size.x
      value: 1.83
      objectReference: {fileID: 0}
    - target: {fileID: 6431062539409734167, guid: 34b2fe822b6cb8b4a8635ad6219914e3,
        type: 3}
      propertyPath: m_Size.y
      value: 3.78
      objectReference: {fileID: 0}
    - target: {fileID: 6431062539409734167, guid: 34b2fe822b6cb8b4a8635ad6219914e3,
        type: 3}
      propertyPath: m_WasSpriteAssigned
      value: 0
      objectReference: {fileID: 0}
    - target: {fileID: 6431062539409734170, guid: 34b2fe822b6cb8b4a8635ad6219914e3,
        type: 3}
      propertyPath: m_Name
      value: Zombie1
      objectReference: {fileID: 0}
    m_RemovedComponents: []
  m_SourcePrefab: {fileID: 100100000, guid: 34b2fe822b6cb8b4a8635ad6219914e3, type: 3}
--- !u!4 &1931849613 stripped
Transform:
  m_CorrespondingSourceObject: {fileID: 3335014238057917044, guid: 7d9e372f870c5554a8933e99d636e5bc,
    type: 3}
  m_PrefabInstance: {fileID: 1182716272850197061}
  m_PrefabAsset: {fileID: 0}
--- !u!4 &2027477756 stripped
Transform:
  m_CorrespondingSourceObject: {fileID: 6431062539222738389, guid: 34b2fe822b6cb8b4a8635ad6219914e3,
    type: 3}
  m_PrefabInstance: {fileID: 525448111}
  m_PrefabAsset: {fileID: 0}
--- !u!1001 &2036149825
PrefabInstance:
  m_ObjectHideFlags: 0
  serializedVersion: 2
  m_Modification:
    m_TransformParent: {fileID: 1396680992}
    m_Modifications:
    - target: {fileID: 2339183774187457315, guid: 277557d9103086844b041720fc8f1155,
        type: 3}
      propertyPath: m_Name
      value: 4x3Ground
      objectReference: {fileID: 0}
    - target: {fileID: 8965985311982008316, guid: 277557d9103086844b041720fc8f1155,
        type: 3}
      propertyPath: m_LocalPosition.x
      value: 21
      objectReference: {fileID: 0}
    - target: {fileID: 8965985311982008316, guid: 277557d9103086844b041720fc8f1155,
        type: 3}
      propertyPath: m_LocalPosition.y
      value: -3
      objectReference: {fileID: 0}
    - target: {fileID: 8965985311982008316, guid: 277557d9103086844b041720fc8f1155,
        type: 3}
      propertyPath: m_LocalPosition.z
      value: 0
      objectReference: {fileID: 0}
    - target: {fileID: 8965985311982008316, guid: 277557d9103086844b041720fc8f1155,
        type: 3}
      propertyPath: m_LocalRotation.x
      value: -0
      objectReference: {fileID: 0}
    - target: {fileID: 8965985311982008316, guid: 277557d9103086844b041720fc8f1155,
        type: 3}
      propertyPath: m_LocalRotation.y
      value: -0
      objectReference: {fileID: 0}
    - target: {fileID: 8965985311982008316, guid: 277557d9103086844b041720fc8f1155,
        type: 3}
      propertyPath: m_LocalRotation.z
      value: -0
      objectReference: {fileID: 0}
    - target: {fileID: 8965985311982008316, guid: 277557d9103086844b041720fc8f1155,
        type: 3}
      propertyPath: m_LocalRotation.w
      value: 1
      objectReference: {fileID: 0}
    - target: {fileID: 8965985311982008316, guid: 277557d9103086844b041720fc8f1155,
        type: 3}
      propertyPath: m_RootOrder
      value: 9
      objectReference: {fileID: 0}
    - target: {fileID: 8965985311982008316, guid: 277557d9103086844b041720fc8f1155,
        type: 3}
      propertyPath: m_LocalEulerAnglesHint.x
      value: 0
      objectReference: {fileID: 0}
    - target: {fileID: 8965985311982008316, guid: 277557d9103086844b041720fc8f1155,
        type: 3}
      propertyPath: m_LocalEulerAnglesHint.y
      value: 0
      objectReference: {fileID: 0}
    - target: {fileID: 8965985311982008316, guid: 277557d9103086844b041720fc8f1155,
        type: 3}
      propertyPath: m_LocalEulerAnglesHint.z
      value: 0
      objectReference: {fileID: 0}
    m_RemovedComponents: []
  m_SourcePrefab: {fileID: 100100000, guid: 277557d9103086844b041720fc8f1155, type: 3}
--- !u!4 &2102461973 stripped
Transform:
  m_CorrespondingSourceObject: {fileID: 8965985311982008316, guid: 277557d9103086844b041720fc8f1155,
    type: 3}
  m_PrefabInstance: {fileID: 2036149825}
  m_PrefabAsset: {fileID: 0}
--- !u!1001 &2110761018
PrefabInstance:
  m_ObjectHideFlags: 0
  serializedVersion: 2
  m_Modification:
    m_TransformParent: {fileID: 201605353}
    m_Modifications:
    - target: {fileID: 6431062539222738389, guid: 34b2fe822b6cb8b4a8635ad6219914e3,
        type: 3}
      propertyPath: m_LocalPosition.x
      value: 3.608917
      objectReference: {fileID: 0}
    - target: {fileID: 6431062539222738389, guid: 34b2fe822b6cb8b4a8635ad6219914e3,
        type: 3}
      propertyPath: m_LocalPosition.y
      value: -0.30051517
      objectReference: {fileID: 0}
    - target: {fileID: 6431062539222738389, guid: 34b2fe822b6cb8b4a8635ad6219914e3,
        type: 3}
      propertyPath: m_LocalPosition.z
      value: 0
      objectReference: {fileID: 0}
    - target: {fileID: 6431062539222738389, guid: 34b2fe822b6cb8b4a8635ad6219914e3,
        type: 3}
      propertyPath: m_LocalRotation.x
      value: -0
      objectReference: {fileID: 0}
    - target: {fileID: 6431062539222738389, guid: 34b2fe822b6cb8b4a8635ad6219914e3,
        type: 3}
      propertyPath: m_LocalRotation.y
      value: -0
      objectReference: {fileID: 0}
    - target: {fileID: 6431062539222738389, guid: 34b2fe822b6cb8b4a8635ad6219914e3,
        type: 3}
      propertyPath: m_LocalRotation.z
      value: -0
      objectReference: {fileID: 0}
    - target: {fileID: 6431062539222738389, guid: 34b2fe822b6cb8b4a8635ad6219914e3,
        type: 3}
      propertyPath: m_LocalRotation.w
      value: 1
      objectReference: {fileID: 0}
    - target: {fileID: 6431062539222738389, guid: 34b2fe822b6cb8b4a8635ad6219914e3,
        type: 3}
      propertyPath: m_RootOrder
      value: 4
      objectReference: {fileID: 0}
    - target: {fileID: 6431062539222738389, guid: 34b2fe822b6cb8b4a8635ad6219914e3,
        type: 3}
      propertyPath: m_LocalEulerAnglesHint.x
      value: 0
      objectReference: {fileID: 0}
    - target: {fileID: 6431062539222738389, guid: 34b2fe822b6cb8b4a8635ad6219914e3,
        type: 3}
      propertyPath: m_LocalEulerAnglesHint.y
      value: 0
      objectReference: {fileID: 0}
    - target: {fileID: 6431062539222738389, guid: 34b2fe822b6cb8b4a8635ad6219914e3,
        type: 3}
      propertyPath: m_LocalEulerAnglesHint.z
      value: 0
      objectReference: {fileID: 0}
    - target: {fileID: 6431062539409734170, guid: 34b2fe822b6cb8b4a8635ad6219914e3,
        type: 3}
      propertyPath: m_Name
      value: Zombie4
      objectReference: {fileID: 0}
    m_RemovedComponents: []
  m_SourcePrefab: {fileID: 100100000, guid: 34b2fe822b6cb8b4a8635ad6219914e3, type: 3}
--- !u!4 &2133552994 stripped
Transform:
  m_CorrespondingSourceObject: {fileID: 1518240545713919967, guid: 6da4120999c963446aaa4edb9e1ff16a,
    type: 3}
  m_PrefabInstance: {fileID: 3749835516114588611}
  m_PrefabAsset: {fileID: 0}
--- !u!1001 &322657601251859333
PrefabInstance:
  m_ObjectHideFlags: 0
  serializedVersion: 2
  m_Modification:
    m_TransformParent: {fileID: 0}
    m_Modifications:
    - target: {fileID: 322657599465172432, guid: 77fa2f9b2a238e643b1d7bfe62d97490,
        type: 3}
      propertyPath: m_LocalPosition.x
      value: 0
      objectReference: {fileID: 0}
    - target: {fileID: 322657599465172432, guid: 77fa2f9b2a238e643b1d7bfe62d97490,
        type: 3}
      propertyPath: m_LocalPosition.y
      value: 0
      objectReference: {fileID: 0}
    - target: {fileID: 322657599465172432, guid: 77fa2f9b2a238e643b1d7bfe62d97490,
        type: 3}
      propertyPath: m_LocalPosition.z
      value: -10
      objectReference: {fileID: 0}
    - target: {fileID: 322657599465172432, guid: 77fa2f9b2a238e643b1d7bfe62d97490,
        type: 3}
      propertyPath: m_LocalRotation.x
      value: 0
      objectReference: {fileID: 0}
    - target: {fileID: 322657599465172432, guid: 77fa2f9b2a238e643b1d7bfe62d97490,
        type: 3}
      propertyPath: m_LocalRotation.y
      value: 0
      objectReference: {fileID: 0}
    - target: {fileID: 322657599465172432, guid: 77fa2f9b2a238e643b1d7bfe62d97490,
        type: 3}
      propertyPath: m_LocalRotation.z
      value: 0
      objectReference: {fileID: 0}
    - target: {fileID: 322657599465172432, guid: 77fa2f9b2a238e643b1d7bfe62d97490,
        type: 3}
      propertyPath: m_LocalRotation.w
      value: 1
      objectReference: {fileID: 0}
    - target: {fileID: 322657599465172432, guid: 77fa2f9b2a238e643b1d7bfe62d97490,
        type: 3}
      propertyPath: m_RootOrder
      value: 0
      objectReference: {fileID: 0}
    - target: {fileID: 322657599465172432, guid: 77fa2f9b2a238e643b1d7bfe62d97490,
        type: 3}
      propertyPath: m_LocalEulerAnglesHint.x
      value: 0
      objectReference: {fileID: 0}
    - target: {fileID: 322657599465172432, guid: 77fa2f9b2a238e643b1d7bfe62d97490,
        type: 3}
      propertyPath: m_LocalEulerAnglesHint.y
      value: 0
      objectReference: {fileID: 0}
    - target: {fileID: 322657599465172432, guid: 77fa2f9b2a238e643b1d7bfe62d97490,
        type: 3}
      propertyPath: m_LocalEulerAnglesHint.z
      value: 0
      objectReference: {fileID: 0}
    - target: {fileID: 322657599465172433, guid: 77fa2f9b2a238e643b1d7bfe62d97490,
        type: 3}
      propertyPath: m_Name
      value: Render
      objectReference: {fileID: 0}
    - target: {fileID: 322657601191244460, guid: 77fa2f9b2a238e643b1d7bfe62d97490,
        type: 3}
      propertyPath: m_AnchorMax.x
      value: 0
      objectReference: {fileID: 0}
    - target: {fileID: 322657601191244460, guid: 77fa2f9b2a238e643b1d7bfe62d97490,
        type: 3}
      propertyPath: m_AnchorMax.y
      value: 0
      objectReference: {fileID: 0}
    m_RemovedComponents: []
  m_SourcePrefab: {fileID: 100100000, guid: 77fa2f9b2a238e643b1d7bfe62d97490, type: 3}
--- !u!1001 &1182716272850197061
PrefabInstance:
  m_ObjectHideFlags: 0
  serializedVersion: 2
  m_Modification:
    m_TransformParent: {fileID: 1396680992}
    m_Modifications:
    - target: {fileID: 3335014238057917044, guid: 7d9e372f870c5554a8933e99d636e5bc,
        type: 3}
      propertyPath: m_LocalPosition.x
      value: -4
      objectReference: {fileID: 0}
    - target: {fileID: 3335014238057917044, guid: 7d9e372f870c5554a8933e99d636e5bc,
        type: 3}
      propertyPath: m_LocalPosition.y
      value: -7
      objectReference: {fileID: 0}
    - target: {fileID: 3335014238057917044, guid: 7d9e372f870c5554a8933e99d636e5bc,
        type: 3}
      propertyPath: m_LocalPosition.z
      value: 0
      objectReference: {fileID: 0}
    - target: {fileID: 3335014238057917044, guid: 7d9e372f870c5554a8933e99d636e5bc,
        type: 3}
      propertyPath: m_LocalRotation.x
      value: -0
      objectReference: {fileID: 0}
    - target: {fileID: 3335014238057917044, guid: 7d9e372f870c5554a8933e99d636e5bc,
        type: 3}
      propertyPath: m_LocalRotation.y
      value: -0
      objectReference: {fileID: 0}
    - target: {fileID: 3335014238057917044, guid: 7d9e372f870c5554a8933e99d636e5bc,
        type: 3}
      propertyPath: m_LocalRotation.z
      value: -0
      objectReference: {fileID: 0}
    - target: {fileID: 3335014238057917044, guid: 7d9e372f870c5554a8933e99d636e5bc,
        type: 3}
      propertyPath: m_LocalRotation.w
      value: 1
      objectReference: {fileID: 0}
    - target: {fileID: 3335014238057917044, guid: 7d9e372f870c5554a8933e99d636e5bc,
        type: 3}
      propertyPath: m_RootOrder
      value: 2
      objectReference: {fileID: 0}
    - target: {fileID: 3335014238057917044, guid: 7d9e372f870c5554a8933e99d636e5bc,
        type: 3}
      propertyPath: m_LocalEulerAnglesHint.x
      value: 0
      objectReference: {fileID: 0}
    - target: {fileID: 3335014238057917044, guid: 7d9e372f870c5554a8933e99d636e5bc,
        type: 3}
      propertyPath: m_LocalEulerAnglesHint.y
      value: 0
      objectReference: {fileID: 0}
    - target: {fileID: 3335014238057917044, guid: 7d9e372f870c5554a8933e99d636e5bc,
        type: 3}
      propertyPath: m_LocalEulerAnglesHint.z
      value: 0
      objectReference: {fileID: 0}
    - target: {fileID: 3354450437446863707, guid: 7d9e372f870c5554a8933e99d636e5bc,
        type: 3}
      propertyPath: m_Name
      value: 12x3Ground
      objectReference: {fileID: 0}
    m_RemovedComponents: []
  m_SourcePrefab: {fileID: 100100000, guid: 7d9e372f870c5554a8933e99d636e5bc, type: 3}
--- !u!1001 &2385720551897105172
PrefabInstance:
  m_ObjectHideFlags: 0
  serializedVersion: 2
  m_Modification:
    m_TransformParent: {fileID: 812201374}
    m_Modifications:
    - target: {fileID: 2385720552052219283, guid: 85c495397d0a0ee4189e5b01b3caf0c9,
        type: 3}
      propertyPath: m_Name
      value: Entrance Blocker
      objectReference: {fileID: 0}
    - target: {fileID: 2385720552052219292, guid: 85c495397d0a0ee4189e5b01b3caf0c9,
        type: 3}
      propertyPath: m_LocalPosition.x
      value: -13
      objectReference: {fileID: 0}
    - target: {fileID: 2385720552052219292, guid: 85c495397d0a0ee4189e5b01b3caf0c9,
        type: 3}
      propertyPath: m_LocalPosition.y
      value: -2
      objectReference: {fileID: 0}
    - target: {fileID: 2385720552052219292, guid: 85c495397d0a0ee4189e5b01b3caf0c9,
        type: 3}
      propertyPath: m_LocalPosition.z
      value: 0
      objectReference: {fileID: 0}
    - target: {fileID: 2385720552052219292, guid: 85c495397d0a0ee4189e5b01b3caf0c9,
        type: 3}
      propertyPath: m_LocalRotation.x
      value: -0
      objectReference: {fileID: 0}
    - target: {fileID: 2385720552052219292, guid: 85c495397d0a0ee4189e5b01b3caf0c9,
        type: 3}
      propertyPath: m_LocalRotation.y
      value: -0
      objectReference: {fileID: 0}
    - target: {fileID: 2385720552052219292, guid: 85c495397d0a0ee4189e5b01b3caf0c9,
        type: 3}
      propertyPath: m_LocalRotation.z
      value: -0
      objectReference: {fileID: 0}
    - target: {fileID: 2385720552052219292, guid: 85c495397d0a0ee4189e5b01b3caf0c9,
        type: 3}
      propertyPath: m_LocalRotation.w
      value: 1
      objectReference: {fileID: 0}
    - target: {fileID: 2385720552052219292, guid: 85c495397d0a0ee4189e5b01b3caf0c9,
        type: 3}
      propertyPath: m_RootOrder
      value: 0
      objectReference: {fileID: 0}
    - target: {fileID: 2385720552052219292, guid: 85c495397d0a0ee4189e5b01b3caf0c9,
        type: 3}
      propertyPath: m_LocalEulerAnglesHint.x
      value: 0
      objectReference: {fileID: 0}
    - target: {fileID: 2385720552052219292, guid: 85c495397d0a0ee4189e5b01b3caf0c9,
        type: 3}
      propertyPath: m_LocalEulerAnglesHint.y
      value: 0
      objectReference: {fileID: 0}
    - target: {fileID: 2385720552052219292, guid: 85c495397d0a0ee4189e5b01b3caf0c9,
        type: 3}
      propertyPath: m_LocalEulerAnglesHint.z
      value: 0
      objectReference: {fileID: 0}
    - target: {fileID: 2385720552052219293, guid: 85c495397d0a0ee4189e5b01b3caf0c9,
        type: 3}
      propertyPath: m_Material
      value: 
      objectReference: {fileID: 6200000, guid: aea33ccd9aa78c64b95e072da3c7d615, type: 2}
    m_RemovedComponents: []
  m_SourcePrefab: {fileID: 100100000, guid: 85c495397d0a0ee4189e5b01b3caf0c9, type: 3}
--- !u!1001 &3749835516114588611
PrefabInstance:
  m_ObjectHideFlags: 0
  serializedVersion: 2
  m_Modification:
    m_TransformParent: {fileID: 812201374}
    m_Modifications:
    - target: {fileID: 1518240545713919952, guid: 6da4120999c963446aaa4edb9e1ff16a,
        type: 3}
      propertyPath: m_Name
      value: ' Variant'
      objectReference: {fileID: 0}
    - target: {fileID: 1518240545713919967, guid: 6da4120999c963446aaa4edb9e1ff16a,
        type: 3}
      propertyPath: m_RootOrder
      value: 3
      objectReference: {fileID: 0}
    - target: {fileID: 1518240545713919967, guid: 6da4120999c963446aaa4edb9e1ff16a,
        type: 3}
      propertyPath: m_LocalPosition.x
      value: 17
      objectReference: {fileID: 0}
    - target: {fileID: 4776783177645514039, guid: 6da4120999c963446aaa4edb9e1ff16a,
        type: 3}
      propertyPath: m_RootOrder
      value: 3
      objectReference: {fileID: 0}
    - target: {fileID: 8989048693674848341, guid: 6da4120999c963446aaa4edb9e1ff16a,
        type: 3}
      propertyPath: m_LocalPosition.x
      value: 17
      objectReference: {fileID: 0}
    - target: {fileID: 8989048693674848341, guid: 6da4120999c963446aaa4edb9e1ff16a,
        type: 3}
      propertyPath: m_LocalPosition.y
      value: -2
      objectReference: {fileID: 0}
    - target: {fileID: 8989048693674848341, guid: 6da4120999c963446aaa4edb9e1ff16a,
        type: 3}
      propertyPath: m_LocalPosition.z
      value: 0
      objectReference: {fileID: 0}
    - target: {fileID: 8989048693674848341, guid: 6da4120999c963446aaa4edb9e1ff16a,
        type: 3}
      propertyPath: m_LocalRotation.x
      value: -0
      objectReference: {fileID: 0}
    - target: {fileID: 8989048693674848341, guid: 6da4120999c963446aaa4edb9e1ff16a,
        type: 3}
      propertyPath: m_LocalRotation.y
      value: 1
      objectReference: {fileID: 0}
    - target: {fileID: 8989048693674848341, guid: 6da4120999c963446aaa4edb9e1ff16a,
        type: 3}
      propertyPath: m_LocalRotation.z
      value: -0
      objectReference: {fileID: 0}
    - target: {fileID: 8989048693674848341, guid: 6da4120999c963446aaa4edb9e1ff16a,
        type: 3}
      propertyPath: m_LocalRotation.w
      value: 0
      objectReference: {fileID: 0}
    - target: {fileID: 8989048693674848341, guid: 6da4120999c963446aaa4edb9e1ff16a,
        type: 3}
      propertyPath: m_RootOrder
      value: 3
      objectReference: {fileID: 0}
    - target: {fileID: 8989048693674848341, guid: 6da4120999c963446aaa4edb9e1ff16a,
        type: 3}
      propertyPath: m_LocalEulerAnglesHint.x
      value: 0
      objectReference: {fileID: 0}
    - target: {fileID: 8989048693674848341, guid: 6da4120999c963446aaa4edb9e1ff16a,
        type: 3}
      propertyPath: m_LocalEulerAnglesHint.y
      value: 180
      objectReference: {fileID: 0}
    - target: {fileID: 8989048693674848341, guid: 6da4120999c963446aaa4edb9e1ff16a,
        type: 3}
      propertyPath: m_LocalEulerAnglesHint.z
      value: 0
      objectReference: {fileID: 0}
    - target: {fileID: 8989048693674848346, guid: 6da4120999c963446aaa4edb9e1ff16a,
        type: 3}
      propertyPath: m_Name
      value: ExitBlocker
      objectReference: {fileID: 0}
    m_RemovedComponents: []
  m_SourcePrefab: {fileID: 100100000, guid: 6da4120999c963446aaa4edb9e1ff16a, type: 3}
--- !u!1001 &4767531087283674053
PrefabInstance:
  m_ObjectHideFlags: 0
  serializedVersion: 2
  m_Modification:
    m_TransformParent: {fileID: 0}
    m_Modifications:
    - target: {fileID: 4767531087800369297, guid: db8848b45bec454408a4b263b1022714,
        type: 3}
      propertyPath: m_Name
      value: EventSystem
      objectReference: {fileID: 0}
    - target: {fileID: 4767531087800369298, guid: db8848b45bec454408a4b263b1022714,
        type: 3}
      propertyPath: m_LocalPosition.x
      value: 0
      objectReference: {fileID: 0}
    - target: {fileID: 4767531087800369298, guid: db8848b45bec454408a4b263b1022714,
        type: 3}
      propertyPath: m_LocalPosition.y
      value: 0
      objectReference: {fileID: 0}
    - target: {fileID: 4767531087800369298, guid: db8848b45bec454408a4b263b1022714,
        type: 3}
      propertyPath: m_LocalPosition.z
      value: 0
      objectReference: {fileID: 0}
    - target: {fileID: 4767531087800369298, guid: db8848b45bec454408a4b263b1022714,
        type: 3}
      propertyPath: m_LocalRotation.x
      value: 0
      objectReference: {fileID: 0}
    - target: {fileID: 4767531087800369298, guid: db8848b45bec454408a4b263b1022714,
        type: 3}
      propertyPath: m_LocalRotation.y
      value: 0
      objectReference: {fileID: 0}
    - target: {fileID: 4767531087800369298, guid: db8848b45bec454408a4b263b1022714,
        type: 3}
      propertyPath: m_LocalRotation.z
      value: 0
      objectReference: {fileID: 0}
    - target: {fileID: 4767531087800369298, guid: db8848b45bec454408a4b263b1022714,
        type: 3}
      propertyPath: m_LocalRotation.w
      value: 1
      objectReference: {fileID: 0}
    - target: {fileID: 4767531087800369298, guid: db8848b45bec454408a4b263b1022714,
        type: 3}
      propertyPath: m_RootOrder
      value: 3
      objectReference: {fileID: 0}
    - target: {fileID: 4767531087800369298, guid: db8848b45bec454408a4b263b1022714,
        type: 3}
      propertyPath: m_LocalEulerAnglesHint.x
      value: 0
      objectReference: {fileID: 0}
    - target: {fileID: 4767531087800369298, guid: db8848b45bec454408a4b263b1022714,
        type: 3}
      propertyPath: m_LocalEulerAnglesHint.y
      value: 0
      objectReference: {fileID: 0}
    - target: {fileID: 4767531087800369298, guid: db8848b45bec454408a4b263b1022714,
        type: 3}
      propertyPath: m_LocalEulerAnglesHint.z
      value: 0
      objectReference: {fileID: 0}
    m_RemovedComponents: []
  m_SourcePrefab: {fileID: 100100000, guid: db8848b45bec454408a4b263b1022714, type: 3}
--- !u!1001 &4852988902885838281
PrefabInstance:
  m_ObjectHideFlags: 0
  serializedVersion: 2
  m_Modification:
    m_TransformParent: {fileID: 0}
    m_Modifications:
    - target: {fileID: 4852988902197743892, guid: 07cd011881a0da04d8b35f8db666bef6,
        type: 3}
      propertyPath: m_Name
      value: GameManager
      objectReference: {fileID: 0}
    - target: {fileID: 4852988902197743894, guid: 07cd011881a0da04d8b35f8db666bef6,
        type: 3}
      propertyPath: m_LocalPosition.x
      value: 0
      objectReference: {fileID: 0}
    - target: {fileID: 4852988902197743894, guid: 07cd011881a0da04d8b35f8db666bef6,
        type: 3}
      propertyPath: m_LocalPosition.y
      value: 0
      objectReference: {fileID: 0}
    - target: {fileID: 4852988902197743894, guid: 07cd011881a0da04d8b35f8db666bef6,
        type: 3}
      propertyPath: m_LocalPosition.z
      value: 0
      objectReference: {fileID: 0}
    - target: {fileID: 4852988902197743894, guid: 07cd011881a0da04d8b35f8db666bef6,
        type: 3}
      propertyPath: m_LocalRotation.x
      value: 0
      objectReference: {fileID: 0}
    - target: {fileID: 4852988902197743894, guid: 07cd011881a0da04d8b35f8db666bef6,
        type: 3}
      propertyPath: m_LocalRotation.y
      value: 0
      objectReference: {fileID: 0}
    - target: {fileID: 4852988902197743894, guid: 07cd011881a0da04d8b35f8db666bef6,
        type: 3}
      propertyPath: m_LocalRotation.z
      value: 0
      objectReference: {fileID: 0}
    - target: {fileID: 4852988902197743894, guid: 07cd011881a0da04d8b35f8db666bef6,
        type: 3}
      propertyPath: m_LocalRotation.w
      value: 1
      objectReference: {fileID: 0}
    - target: {fileID: 4852988902197743894, guid: 07cd011881a0da04d8b35f8db666bef6,
        type: 3}
      propertyPath: m_RootOrder
      value: 2
      objectReference: {fileID: 0}
    - target: {fileID: 4852988902197743894, guid: 07cd011881a0da04d8b35f8db666bef6,
        type: 3}
      propertyPath: m_LocalEulerAnglesHint.x
      value: 0
      objectReference: {fileID: 0}
    - target: {fileID: 4852988902197743894, guid: 07cd011881a0da04d8b35f8db666bef6,
        type: 3}
      propertyPath: m_LocalEulerAnglesHint.y
      value: 0
      objectReference: {fileID: 0}
    - target: {fileID: 4852988902197743894, guid: 07cd011881a0da04d8b35f8db666bef6,
        type: 3}
      propertyPath: m_LocalEulerAnglesHint.z
      value: 0
      objectReference: {fileID: 0}
    - target: {fileID: 4852988902197743895, guid: 07cd011881a0da04d8b35f8db666bef6,
        type: 3}
      propertyPath: exitLocation.x
      value: 12
      objectReference: {fileID: 0}
    - target: {fileID: 4852988902197743895, guid: 07cd011881a0da04d8b35f8db666bef6,
        type: 3}
      propertyPath: exitLocation.y
      value: -3.5
      objectReference: {fileID: 0}
    m_RemovedComponents: []
  m_SourcePrefab: {fileID: 100100000, guid: 07cd011881a0da04d8b35f8db666bef6, type: 3}
--- !u!1001 &8422529406231976493
PrefabInstance:
  m_ObjectHideFlags: 0
  serializedVersion: 2
  m_Modification:
    m_TransformParent: {fileID: 201605353}
    m_Modifications:
    - target: {fileID: 3602964350835805543, guid: b125f8c7bee51f54ca997cf2d8c828c3,
        type: 3}
      propertyPath: m_GravityScale
      value: 1
      objectReference: {fileID: 0}
    - target: {fileID: 3602964350835805543, guid: b125f8c7bee51f54ca997cf2d8c828c3,
        type: 3}
      propertyPath: m_Mass
      value: 15
      objectReference: {fileID: 0}
    - target: {fileID: 4238490274628017841, guid: b125f8c7bee51f54ca997cf2d8c828c3,
        type: 3}
      propertyPath: speed.x
      value: 12
      objectReference: {fileID: 0}
    - target: {fileID: 8422529405813678953, guid: b125f8c7bee51f54ca997cf2d8c828c3,
        type: 3}
      propertyPath: m_LocalPosition.x
      value: -7.39
      objectReference: {fileID: 0}
    - target: {fileID: 8422529405813678953, guid: b125f8c7bee51f54ca997cf2d8c828c3,
        type: 3}
      propertyPath: m_LocalPosition.y
      value: -3.78
      objectReference: {fileID: 0}
    - target: {fileID: 8422529405813678953, guid: b125f8c7bee51f54ca997cf2d8c828c3,
        type: 3}
      propertyPath: m_LocalPosition.z
      value: 0
      objectReference: {fileID: 0}
    - target: {fileID: 8422529405813678953, guid: b125f8c7bee51f54ca997cf2d8c828c3,
        type: 3}
      propertyPath: m_LocalRotation.x
      value: -0
      objectReference: {fileID: 0}
    - target: {fileID: 8422529405813678953, guid: b125f8c7bee51f54ca997cf2d8c828c3,
        type: 3}
      propertyPath: m_LocalRotation.y
      value: -0
      objectReference: {fileID: 0}
    - target: {fileID: 8422529405813678953, guid: b125f8c7bee51f54ca997cf2d8c828c3,
        type: 3}
      propertyPath: m_LocalRotation.z
      value: -0
      objectReference: {fileID: 0}
    - target: {fileID: 8422529405813678953, guid: b125f8c7bee51f54ca997cf2d8c828c3,
        type: 3}
      propertyPath: m_LocalRotation.w
      value: 1
      objectReference: {fileID: 0}
    - target: {fileID: 8422529405813678953, guid: b125f8c7bee51f54ca997cf2d8c828c3,
        type: 3}
      propertyPath: m_RootOrder
      value: 0
      objectReference: {fileID: 0}
    - target: {fileID: 8422529405813678953, guid: b125f8c7bee51f54ca997cf2d8c828c3,
        type: 3}
      propertyPath: m_LocalEulerAnglesHint.x
      value: 0
      objectReference: {fileID: 0}
    - target: {fileID: 8422529405813678953, guid: b125f8c7bee51f54ca997cf2d8c828c3,
        type: 3}
      propertyPath: m_LocalEulerAnglesHint.y
      value: 0
      objectReference: {fileID: 0}
    - target: {fileID: 8422529405813678953, guid: b125f8c7bee51f54ca997cf2d8c828c3,
        type: 3}
      propertyPath: m_LocalEulerAnglesHint.z
      value: 0
      objectReference: {fileID: 0}
    - target: {fileID: 8422529405813678959, guid: b125f8c7bee51f54ca997cf2d8c828c3,
        type: 3}
      propertyPath: m_Name
      value: Player
      objectReference: {fileID: 0}
    m_RemovedComponents: []
  m_SourcePrefab: {fileID: 100100000, guid: b125f8c7bee51f54ca997cf2d8c828c3, type: 3}
--- !u!1001 &8782748165484613440
PrefabInstance:
  m_ObjectHideFlags: 0
  serializedVersion: 2
  m_Modification:
    m_TransformParent: {fileID: 812201374}
    m_Modifications:
    - target: {fileID: 4468839226989276209, guid: 0b3bb7d514f64b74698a189c8cb3d166,
        type: 3}
      propertyPath: m_Name
      value: 12LongGround
      objectReference: {fileID: 0}
    - target: {fileID: 6144251830075861400, guid: 0b3bb7d514f64b74698a189c8cb3d166,
        type: 3}
      propertyPath: m_LocalPosition.x
      value: -4
      objectReference: {fileID: 0}
    - target: {fileID: 6144251830075861400, guid: 0b3bb7d514f64b74698a189c8cb3d166,
        type: 3}
      propertyPath: m_LocalPosition.y
      value: -5
      objectReference: {fileID: 0}
    - target: {fileID: 6144251830075861400, guid: 0b3bb7d514f64b74698a189c8cb3d166,
        type: 3}
      propertyPath: m_LocalPosition.z
      value: 0
      objectReference: {fileID: 0}
    - target: {fileID: 6144251830075861400, guid: 0b3bb7d514f64b74698a189c8cb3d166,
        type: 3}
      propertyPath: m_LocalRotation.x
      value: -0
      objectReference: {fileID: 0}
    - target: {fileID: 6144251830075861400, guid: 0b3bb7d514f64b74698a189c8cb3d166,
        type: 3}
      propertyPath: m_LocalRotation.y
      value: -0
      objectReference: {fileID: 0}
    - target: {fileID: 6144251830075861400, guid: 0b3bb7d514f64b74698a189c8cb3d166,
        type: 3}
      propertyPath: m_LocalRotation.z
      value: -0
      objectReference: {fileID: 0}
    - target: {fileID: 6144251830075861400, guid: 0b3bb7d514f64b74698a189c8cb3d166,
        type: 3}
      propertyPath: m_LocalRotation.w
      value: 1
      objectReference: {fileID: 0}
    - target: {fileID: 6144251830075861400, guid: 0b3bb7d514f64b74698a189c8cb3d166,
        type: 3}
      propertyPath: m_RootOrder
      value: 1
      objectReference: {fileID: 0}
    - target: {fileID: 6144251830075861400, guid: 0b3bb7d514f64b74698a189c8cb3d166,
        type: 3}
      propertyPath: m_LocalEulerAnglesHint.x
      value: 0
      objectReference: {fileID: 0}
    - target: {fileID: 6144251830075861400, guid: 0b3bb7d514f64b74698a189c8cb3d166,
        type: 3}
      propertyPath: m_LocalEulerAnglesHint.y
      value: 0
      objectReference: {fileID: 0}
    - target: {fileID: 6144251830075861400, guid: 0b3bb7d514f64b74698a189c8cb3d166,
        type: 3}
      propertyPath: m_LocalEulerAnglesHint.z
      value: 0
      objectReference: {fileID: 0}
    m_RemovedComponents: []
  m_SourcePrefab: {fileID: 100100000, guid: 0b3bb7d514f64b74698a189c8cb3d166, type: 3}
--- !u!1001 &8835119553344616917
PrefabInstance:
  m_ObjectHideFlags: 0
  serializedVersion: 2
  m_Modification:
    m_TransformParent: {fileID: 906996378}
    m_Modifications:
    - target: {fileID: 8835119553025456724, guid: d755b1939ea39064699b0e19b3625d9d,
        type: 3}
      propertyPath: m_LocalPosition.x
      value: 0
      objectReference: {fileID: 0}
    - target: {fileID: 8835119553025456724, guid: d755b1939ea39064699b0e19b3625d9d,
        type: 3}
      propertyPath: m_LocalPosition.y
      value: 0
      objectReference: {fileID: 0}
    - target: {fileID: 8835119553025456724, guid: d755b1939ea39064699b0e19b3625d9d,
        type: 3}
      propertyPath: m_LocalPosition.z
      value: 0
      objectReference: {fileID: 0}
    - target: {fileID: 8835119553025456724, guid: d755b1939ea39064699b0e19b3625d9d,
        type: 3}
      propertyPath: m_LocalRotation.x
      value: -0
      objectReference: {fileID: 0}
    - target: {fileID: 8835119553025456724, guid: d755b1939ea39064699b0e19b3625d9d,
        type: 3}
      propertyPath: m_LocalRotation.y
      value: -0
      objectReference: {fileID: 0}
    - target: {fileID: 8835119553025456724, guid: d755b1939ea39064699b0e19b3625d9d,
        type: 3}
      propertyPath: m_LocalRotation.z
      value: -0
      objectReference: {fileID: 0}
    - target: {fileID: 8835119553025456724, guid: d755b1939ea39064699b0e19b3625d9d,
        type: 3}
      propertyPath: m_LocalRotation.w
      value: 1
      objectReference: {fileID: 0}
    - target: {fileID: 8835119553025456724, guid: d755b1939ea39064699b0e19b3625d9d,
        type: 3}
      propertyPath: m_RootOrder
      value: 0
      objectReference: {fileID: 0}
    - target: {fileID: 8835119553025456724, guid: d755b1939ea39064699b0e19b3625d9d,
        type: 3}
      propertyPath: m_LocalEulerAnglesHint.x
      value: 0
      objectReference: {fileID: 0}
    - target: {fileID: 8835119553025456724, guid: d755b1939ea39064699b0e19b3625d9d,
        type: 3}
      propertyPath: m_LocalEulerAnglesHint.y
      value: 0
      objectReference: {fileID: 0}
    - target: {fileID: 8835119553025456724, guid: d755b1939ea39064699b0e19b3625d9d,
        type: 3}
      propertyPath: m_LocalEulerAnglesHint.z
      value: 0
      objectReference: {fileID: 0}
    - target: {fileID: 8835119553025456725, guid: d755b1939ea39064699b0e19b3625d9d,
        type: 3}
      propertyPath: m_Name
      value: Background
      objectReference: {fileID: 0}
    m_RemovedComponents: []
  m_SourcePrefab: {fileID: 100100000, guid: d755b1939ea39064699b0e19b3625d9d, type: 3}
