%YAML 1.1
%TAG !u! tag:unity3d.com,2011:
--- !u!235 &4055425673493223704
WheelJoint2D:
  m_ObjectHideFlags: 0
  m_CorrespondingSourceObject: {fileID: 0}
  m_PrefabInstance: {fileID: 0}
  m_PrefabAsset: {fileID: 0}
  m_GameObject: {fileID: 7160248205596009687}
  m_Enabled: 1
  serializedVersion: 4
  m_EnableCollision: 0
  m_ConnectedRigidBody: {fileID: 2628163391011388380}
  m_BreakForce: Infinity
  m_BreakTorque: Infinity
  m_AutoConfigureConnectedAnchor: 1
  m_Anchor: {x: 0, y: 0}
  m_ConnectedAnchor: {x: 0, y: 0}
  m_Suspension:
    m_DampingRatio: 0.7
    m_Frequency: 2
    m_Angle: 90
  m_UseMotor: 1
  m_Motor:
    m_MotorSpeed: 100
    m_MaximumMotorForce: 10000
--- !u!1 &4096234815337207131
GameObject:
  m_ObjectHideFlags: 0
  m_CorrespondingSourceObject: {fileID: 0}
  m_PrefabInstance: {fileID: 0}
  m_PrefabAsset: {fileID: 0}
  serializedVersion: 6
  m_Component:
  - component: {fileID: 4837397186513312445}
  m_Layer: 0
  m_Name: Wheel
  m_TagString: Untagged
  m_Icon: {fileID: 0}
  m_NavMeshLayer: 0
  m_StaticEditorFlags: 0
  m_IsActive: 1
--- !u!4 &4837397186513312445
Transform:
  m_ObjectHideFlags: 0
  m_CorrespondingSourceObject: {fileID: 0}
  m_PrefabInstance: {fileID: 0}
  m_PrefabAsset: {fileID: 0}
  m_GameObject: {fileID: 4096234815337207131}
  m_LocalRotation: {x: 0, y: 0, z: 0, w: 1}
  m_LocalPosition: {x: 3.5, y: -3.5, z: 0}
  m_LocalScale: {x: 1, y: 1, z: 1}
  m_Children:
  - {fileID: 7320435981601843139}
  - {fileID: 7160248205596009690}
  m_Father: {fileID: 0}
  m_RootOrder: 0
  m_LocalEulerAnglesHint: {x: 0, y: 0, z: 0}
--- !u!1001 &4055425672120445745
PrefabInstance:
  m_ObjectHideFlags: 0
  serializedVersion: 2
  m_Modification:
    m_TransformParent: {fileID: 4837397186513312445}
    m_Modifications:
    - target: {fileID: 5730546133150696137, guid: 0ae96302a55228646a458f2453994282,
        type: 3}
      propertyPath: m_Name
      value: WheelBall1
      objectReference: {fileID: 0}
    - target: {fileID: 6760093895807241458, guid: 0ae96302a55228646a458f2453994282,
        type: 3}
      propertyPath: m_LocalPosition.x
      value: -0.97878456
      objectReference: {fileID: 0}
    - target: {fileID: 6760093895807241458, guid: 0ae96302a55228646a458f2453994282,
        type: 3}
      propertyPath: m_LocalPosition.y
      value: -0.006114006
      objectReference: {fileID: 0}
    - target: {fileID: 6760093895807241458, guid: 0ae96302a55228646a458f2453994282,
        type: 3}
      propertyPath: m_LocalPosition.z
      value: 0
      objectReference: {fileID: 0}
    - target: {fileID: 6760093895807241458, guid: 0ae96302a55228646a458f2453994282,
        type: 3}
      propertyPath: m_LocalRotation.x
      value: -0
      objectReference: {fileID: 0}
    - target: {fileID: 6760093895807241458, guid: 0ae96302a55228646a458f2453994282,
        type: 3}
      propertyPath: m_LocalRotation.y
      value: -0
      objectReference: {fileID: 0}
    - target: {fileID: 6760093895807241458, guid: 0ae96302a55228646a458f2453994282,
        type: 3}
      propertyPath: m_LocalRotation.z
      value: -0
      objectReference: {fileID: 0}
    - target: {fileID: 6760093895807241458, guid: 0ae96302a55228646a458f2453994282,
        type: 3}
      propertyPath: m_LocalRotation.w
      value: 1
      objectReference: {fileID: 0}
    - target: {fileID: 6760093895807241458, guid: 0ae96302a55228646a458f2453994282,
        type: 3}
      propertyPath: m_RootOrder
      value: 0
      objectReference: {fileID: 0}
    - target: {fileID: 6760093895807241458, guid: 0ae96302a55228646a458f2453994282,
        type: 3}
      propertyPath: m_LocalEulerAnglesHint.x
      value: 0
      objectReference: {fileID: 0}
    - target: {fileID: 6760093895807241458, guid: 0ae96302a55228646a458f2453994282,
        type: 3}
      propertyPath: m_LocalEulerAnglesHint.y
      value: 0
      objectReference: {fileID: 0}
    - target: {fileID: 6760093895807241458, guid: 0ae96302a55228646a458f2453994282,
        type: 3}
      propertyPath: m_LocalEulerAnglesHint.z
      value: 0
      objectReference: {fileID: 0}
    m_RemovedComponents: []
  m_SourcePrefab: {fileID: 100100000, guid: 0ae96302a55228646a458f2453994282, type: 3}
--- !u!4 &7320435981601843139 stripped
Transform:
  m_CorrespondingSourceObject: {fileID: 6760093895807241458, guid: 0ae96302a55228646a458f2453994282,
    type: 3}
  m_PrefabInstance: {fileID: 4055425672120445745}
  m_PrefabAsset: {fileID: 0}
--- !u!50 &2628163391011388380 stripped
Rigidbody2D:
  m_CorrespondingSourceObject: {fileID: 2035302145000362221, guid: 0ae96302a55228646a458f2453994282,
    type: 3}
  m_PrefabInstance: {fileID: 4055425672120445745}
  m_PrefabAsset: {fileID: 0}
--- !u!1001 &4055425672937833875
PrefabInstance:
  m_ObjectHideFlags: 0
  serializedVersion: 2
  m_Modification:
    m_TransformParent: {fileID: 4837397186513312445}
    m_Modifications:
    - target: {fileID: 6564431759719014724, guid: 420c6a8ab19bdac468ec3fc29e2aab1d,
        type: 3}
      propertyPath: m_Name
      value: WheelSquare1
      objectReference: {fileID: 0}
    - target: {fileID: 6564431759719014729, guid: 420c6a8ab19bdac468ec3fc29e2aab1d,
        type: 3}
      propertyPath: m_LocalPosition.x
      value: 1
      objectReference: {fileID: 0}
    - target: {fileID: 6564431759719014729, guid: 420c6a8ab19bdac468ec3fc29e2aab1d,
        type: 3}
      propertyPath: m_LocalPosition.y
      value: 0
      objectReference: {fileID: 0}
    - target: {fileID: 6564431759719014729, guid: 420c6a8ab19bdac468ec3fc29e2aab1d,
        type: 3}
      propertyPath: m_LocalPosition.z
      value: 0
      objectReference: {fileID: 0}
    - target: {fileID: 6564431759719014729, guid: 420c6a8ab19bdac468ec3fc29e2aab1d,
        type: 3}
      propertyPath: m_LocalRotation.x
      value: -0
      objectReference: {fileID: 0}
    - target: {fileID: 6564431759719014729, guid: 420c6a8ab19bdac468ec3fc29e2aab1d,
        type: 3}
      propertyPath: m_LocalRotation.y
      value: -0
      objectReference: {fileID: 0}
    - target: {fileID: 6564431759719014729, guid: 420c6a8ab19bdac468ec3fc29e2aab1d,
        type: 3}
      propertyPath: m_LocalRotation.z
      value: -0
      objectReference: {fileID: 0}
    - target: {fileID: 6564431759719014729, guid: 420c6a8ab19bdac468ec3fc29e2aab1d,
        type: 3}
      propertyPath: m_LocalRotation.w
      value: 1
      objectReference: {fileID: 0}
    - target: {fileID: 6564431759719014729, guid: 420c6a8ab19bdac468ec3fc29e2aab1d,
        type: 3}
      propertyPath: m_RootOrder
      value: 1
      objectReference: {fileID: 0}
    - target: {fileID: 6564431759719014729, guid: 420c6a8ab19bdac468ec3fc29e2aab1d,
        type: 3}
      propertyPath: m_LocalEulerAnglesHint.x
      value: 0
      objectReference: {fileID: 0}
    - target: {fileID: 6564431759719014729, guid: 420c6a8ab19bdac468ec3fc29e2aab1d,
        type: 3}
      propertyPath: m_LocalEulerAnglesHint.y
      value: 0
      objectReference: {fileID: 0}
    - target: {fileID: 6564431759719014729, guid: 420c6a8ab19bdac468ec3fc29e2aab1d,
        type: 3}
      propertyPath: m_LocalEulerAnglesHint.z
      value: 0
      objectReference: {fileID: 0}
    m_RemovedComponents: []
  m_SourcePrefab: {fileID: 100100000, guid: 420c6a8ab19bdac468ec3fc29e2aab1d, type: 3}
--- !u!1 &7160248205596009687 stripped
GameObject:
  m_CorrespondingSourceObject: {fileID: 6564431759719014724, guid: 420c6a8ab19bdac468ec3fc29e2aab1d,
    type: 3}
  m_PrefabInstance: {fileID: 4055425672937833875}
  m_PrefabAsset: {fileID: 0}
--- !u!4 &7160248205596009690 stripped
Transform:
  m_CorrespondingSourceObject: {fileID: 6564431759719014729, guid: 420c6a8ab19bdac468ec3fc29e2aab1d,
    type: 3}
  m_PrefabInstance: {fileID: 4055425672937833875}
  m_PrefabAsset: {fileID: 0}
